3325 5392
1773 545 1853 603 24

718 707 924 746 versus
966 687 1229 746 continet
1268 692 1330 746 et
1357 676 1774 748 ‘Telemachia'
1814 692 2079 759 vocatur,
2122 708 2239 746 non
2286 686 2364 746 ad
2394 686 2745 764 primarium
2776 709 2899 746 car-

717 785 892 844 minis
930 791 1349 864 argumentum
1387 785 1748 864 pertinuisse
1787 784 1917 844 veri
1964 784 2324 844 simillimum
2374 784 2651 845 videatur
2667 779 2743 862 ¹),
2796 781 2901 844 sed

603 875 612 890 '
717 889 928 962 postea
955 883 1310 945 inculcatam
1341 905 1496 956 esse,
1545 905 1620 942 ne
1659 882 1907 942 nimium
1944 883 2080 942 huic
2110 884 2239 942 loco
2270 883 2567 942 attribuas
2596 881 2895 955 momenti,

687 973 945 1041 paveas.
1032 980 1097 1040 Si
1136 1003 1350 1060 nempe
1389 988 1550 1042 recte
1589 981 1803 1041 statuit
1840 980 2165 1040 Kirchhoff
2198 981 2467 1052 alteram,
2511 1000 2691 1057 quam
2736 980 2896 1053 dicit,

715 1079 1018 1160 Odysseae
1091 1080 1493 1140 redactionem
1567 1079 1727 1139 circa
1792 1079 2152 1139 tricesimam
2222 1077 2623 1158 olympiadem
2682 1079 2899 1138 factam

717 1199 845 1238 esse
862 1173 940 1256 ⁹),
992 1180 1154 1238 locus
1208 1183 1412 1238 noster
1458 1199 1590 1238 cum
1630 1177 1900 1256 Odyssea
1944 1177 2291 1238 coniunctus
2342 1181 2433 1237 est
2483 1181 2622 1256 post
2665 1165 2899 1235 ‘Aethi-

717 1265 973 1354 opidem'
1019 1276 1318 1336 conditam
1335 1320 1350 1349 ,
1398 1276 1462 1335 in
1510 1297 1628 1352 quo
1671 1276 1930 1338 carmine
1979 1273 2277 1335 Achillem
2324 1275 2389 1334 in
2434 1273 2695 1334 Leucam
2742 1273 2899 1334 insu-

623 1448 636 1458 ,
715 1375 832 1433 lam
883 1379 1362 1453 transportatum
1413 1374 1596 1434 Fuisse
1651 1373 1811 1434 infra
1880 1373 2231 1433 videbimus.
2326 1373 2699 1450 Quamquam
2744 1373 2899 1432 enim

715 1493 857 1531 num
909 1471 1090 1533 etiam
1140 1471 1206 1530 in
1259 1471 1546 1550 primaria
1604 1461 2019 1532 ‘Telemachia'
2086 1473 2392 1532 Menelaus
2452 1470 2899 1534 immortalitate

715 1569 969 1630 donatus
1014 1571 1118 1642 sit,
1169 1570 1494 1631 diiudicare
1533 1591 1652 1630 non
1694 1591 2033 1649 possumus,
2090 1575 2318 1642 tamen,
2372 1569 2514 1647 quia
2559 1575 2691 1628 toto
2738 1570 2899 1630 caelo

715 1668 791 1727 ab
833 1668 1085 1728 Homeri
1125 1667 1436 1727 sententiis
1489 1669 1634 1727 haec
1687 1668 2025 1746 apotheosis
2066 1667 2277 1740 distat,
2327 1673 2457 1727 tum
2504 1668 2741 1726 demum
2780 1667 2899 1726 Me-

713 1765 870 1851 nelai
915 1766 978 1824 in
1023 1765 1230 1843 Elysio
1285 1766 1559 1825 collocati
1608 1766 1966 1826 mentionem
2016 1765 2321 1842 Odysseae
2376 1765 2718 1826 insarcitam
2775 1785 2901 1824 esse

715 1862 996 1935 arbitror,
1041 1885 1173 1922 cum
1211 1864 1422 1923 heroes
1464 1863 1707 1952 quidam
1746 1863 2105 1922 carminibus
2144 1869 2463 1943 tantopere
2502 1863 2645 1923 elati
2683 1867 2897 1934 essent,

715 1967 784 2019 ut
822 1960 948 2021 vita
987 1963 1092 2020 illa
1128 1947 1470 2022 beatissima
1509 1961 1677 2040 digni
1713 1961 2095 2034 haberentur,
2140 1962 2266 2022 sive
2306 1982 2435 2022 eam
2474 1962 2537 2020 in
2575 1960 2775 2021 Leuca
2814 1961 2900 2022 in·

715 2061 846 2120 sula
883 2061 1010 2142 sive
1047 2060 1110 2120 in
1149 2062 1392 2138 regione
1431 2066 1661 2122 remota
1701 2060 2067 2120 occidentem
2112 2081 2321 2120 versus
2362 2059 2477 2119 sita
2516 2059 2813 2138 putabant
2828 2053 2898 2136 ⁸).

892 2175 1106 2253 Itaque
1145 2182 1214 2237 ut
1251 2177 1518 2236 breviter
1557 2177 1935 2254 complectar,
1973 2195 2125 2252 quae
2158 2197 2231 2234 ex
2261 2175 2513 2238 Homeri
2542 2175 2902 2234 carminibus

715 2273 873 2332 effici
909 2275 1081 2333 nobis
1119 2275 1235 2335 visi
1273 2295 1493 2346 sumus,
1528 2275 1676 2334 haec
1706 2280 1931 2334 statuo:
1967 2279 2340 2334 mortuorum
2368 2274 2677 2352 religionis
2708 2276 2901 2354 prima

716 2391 1029 2431 occurrere
1061 2374 1316 2451 vestigia
1347 2379 1408 2432 et
1439 2372 1680 2450 quidem
1712 2392 1845 2431 cum
1876 2377 2057 2444 certa,
2092 2377 2221 2432 tum
2251 2373 2348 2432 vel
2387 2373 2449 2432 in
2490 2374 2902 2449 antiquissima

715 2468 1014 2547 Odysseae
1068 2476 1266 2550 parte;
1332 2471 1578 2530 heroum
1631 2471 1816 2542 nulla,
1882 2476 1987 2540 aut.
2032 2471 2084 2530 si
2134 2472 2241 2530 illa
2294 2471 2477 2530 dubia
2530 2469 2774 2542 indicia,
2833 2476 2903 2530 ut

715 2559 1010 2650 ἡμιθέων
1055 2571 1518 2648 appellationem
1559 2574 1620 2628 et
1659 2567 1917 2628 Menelai
1955 2569 2325 2647 apotheosim
2344 2612 2358 2641 ‚
2403 2569 2481 2628 ad
2520 2571 2745 2630 cultum
2783 2571 2901 2628 iam

715 2687 786 2726 ea
824 2671 1022 2726 aetate
1073 2667 1353 2727 heroibus
1402 2667 1741 2727 factitatum
1789 2667 2164 2746 probandum
2209 2667 2272 2725 in
2322 2667 2579 2726 medium
2630 2668 2901 2746 proferre

713 2766 831 2836 vis,
891 2785 960 2824 ea
1014 2766 1172 2824 inter
1224 2765 1546 2827 novissima
1613 2765 1941 2824 carminum
2002 2764 2407 2826 additamenta
2465 2785 2740 2825 numeres
2800 2786 2900 2824 ne-

713 2881 874 2921 cesse
915 2868 1024 2922 est.

890 2977 1140 3037 Iamiam
1191 2983 1492 3038 transeam
1553 2979 1630 3040 ad
1682 2981 1853 3039 illum
1913 2985 2177 3059 poetam,
2233 2979 2338 3055 qui
2384 2981 2612 3058 primus
2662 2981 2900 3040 disertis

713 3076 787 3137 de
843 3075 1122 3135 heroibus
1181 3077 1380 3136 verbis
1437 3077 1672 3137 locutus
1731 3083 1845 3137 est:
1917 3079 1995 3137 ad
2051 3077 2462 3137 Hesiodum.
2577 3077 2748 3137 Fecit
2806 3079 2901 3138 hic

713 3175 1069 3233 mentionem
1127 3195 1332 3233 eorum
1378 3176 1442 3233 in
1490 3164 1665 3257 ’Ἐργ.
1716 3195 1771 3236 κ.
1820 3163 1960 3254 Ἦμ.
2008 3175 2146 3234 inde
2206 3197 2243 3234 a
2290 3197 2347 3235 v.
2408 3177 2529 3252 156
2584 3196 2773 3253 usque
2823 3175 2901 3235 ad

711 3293 770 3332 v.
815 3289 932 3350 173
952 3266 1022 3350 ⁴).
1118 3271 1373 3345 Quinam
1448 3279 1588 3332 sunt
1661 3273 1779 3346 illi,
1862 3293 2012 3350 quos
2087 3278 2269 3352 poeta
2342 3274 2591 3334 heroum
2665 3275 2901 3334 nomine

859 3505 905 3574 ¹)
941 3505 1253 3573 Kirchhoff‚
1291 3505 1458 3562 Hom.
1509 3505 1747 3580 Odyssee
1763 3508 1787 3540 ²
1820 3527 1874 3578 p.
1922 3511 2017 3574 167
2055 3525 2135 3577 sq.

859 3602 905 3674 ⁸)
942 3602 1088 3658 Ibid.
1131 3619 1236 3670 290
1272 3621 1352 3674 sq.

859 3700 905 3770 ⁸)
943 3699 1106 3772 Quod
1140 3701 1201 3762 in
1237 3702 1558 3758 universum
1594 3704 1706 3759 iam
1743 3704 2065 3764 adfirmasse
2100 3705 2264 3762 video
2299 3724 2350 3759 v.
2388 3705 2441 3760 d.
2479 3705 2555 3759 H.
2590 3705 2899 3760 Kohlerum

595 3843 604 3854 ι
713 3780 984 3843 Memoire
1043 3798 1147 3838 sur
1205 3783 1286 3840 les
1347 3783 1453 3838 &les
1502 3787 1556 3840 et
1602 3783 1660 3842 la
1709 3801 1902 3843 course
1952 3785 2271 3843 comaerees
2318 3785 2355 3844 ὰ
2404 3783 2640 3844 Achille.
2732 3784 2898 3844 Mem.

710 3861 776 3923 ‚de
815 3859 1025 3920 l’Acad.
1065 3862 1132 3918 de
1164 3862 1247 3920 St.
1277 3863 1557 3936 P6tersbq.
1583 3864 1640 3920 X
1674 3868 1806 3918 1826
1849 3883 1905 3936 p.
1934 3878 2034 3932 532
2072 3863 2195 3926 fin.:
2228 3862 2309 3920 ‘11
2344 3869 2430 3920 est
2463 3865 2601 3920 donc
2634 3865 2900 3926 vraisem-

711 3940 886 4002 blable
922 3958 1024 4012 que
1061 3942 1120 3999 la
1158 3943 1439 4000 tradition
1468 3944 1546 4002 du
1570 3945 1761 4014 sedeur
1797 3944 1863 4000 de
1888 3943 2145 4002 Μᾰηὲῑαε
2182 3944 2322 4000 dans
2349 3945 2590 4018 z’Ezysee
2628 3949 2716 4002 est
2738 3945 2899 4002 d'une

711 4021 932 4094 origiue
960 4023 1316 4094 posterieure
1368 4027 1420 4080 et
1455 4026 1748 4097 etv-angere
1784 4041 1901 4080 aum
1928 4029 2151 4094 poemes
2188 4025 2480 4099 primitifs
2516 4025 2817 4087 d'Homere
2852 4028 2902 4082 et

711 4101 908 4171 qu’elle
945 4120 982 4157 a
1018 4104 1103 4160 ete
1138 4107 1458 4174 empruntee
1496 4105 1593 4160 des
1629 4105 1894 4176 systemes
1931 4103 2133 4162 &tablis
2160 4104 2299 4174 plus
2339 4101 2504 4162 tar-<1⁹.

854 4199 902 4270 ⁴)
940 4199 1154 4258 Ceteris
1190 4201 1252 4257 in
1289 4201 1632 4258 carminibus
1667 4201 1762 4256 ubi
1798 4201 2082 4262 invenitur
2118 4203 2300 4260 herois
2334 4220 2556 4269 nomen,
2593 4221 2708 4260 non
2731 4204 2902 4260 distat

709 4279 825 4338 eius
860 4281 1014 4338 notio
1051 4281 1122 4336 ab
1149 4281 1480 4350 Homerica3
1517 4281 1587 4336 cf.
1630 4281 1839 4352 Theog.
1880 4296 2001 4349 970.
2046 4298 2196 4348 ¹009·
2258 4282 2407 4339 Seut.
2442 4299 2520 4351 19.
2550 4298 2635 4351 37.
2662 4287 2748 4352 78.
2781 4287 2896 4338 118.

710 4361 819 4432 frg.
866 4365 966 4427 148
1003 4361 1313 4422 Marcksch.
1353 4387 1420 4415 ε
1466 4365 1562 4418 182
1599 4360 2057 4436 &ianm-Flauii
2093 4388 2159 4418 τε
2205 4379 2305 4432 14⁹
2338 4363 2569 4425 Kiukel.
