3325 5392
1625 533 1700 594 51

578 684 1098 740 commemoratur:
1173 701 1270 758 ap.
1320 676 1550 740 Anton.
1619 677 1755 736 Lib.
1820 677 1931 738 IV.
2027 676 2351 754 Cragaleus
2420 676 2756 738 certaminis

578 780 736 836 inter
781 775 1129 858 Apollinem
1173 778 1431 838 Dianam
1479 777 1803 836 Herculem
1850 777 1923 834 de
1970 774 2295 838 Ambracia
2356 776 2504 835 urbe
2565 777 2758 836 exorti

581 878 810 938 arbiter
875 877 1066 936 factus
1140 876 1390 936 Herculi
1451 875 1659 934 urbem
1730 875 2105 934 attribuerat.
2222 875 2436 954 Itaque
2496 863 2756 956 Ἀμβρα-

580 971 810 1042 κιῶται
855 963 1202 1034 Ἀπόλλωνι
1255 969 1372 1052 μὲν
1425 969 1656 1056 σωτῆρι
1704 969 2006 1046 θύουσιν,
2070 967 2182 1056 τὴν
2228 968 2295 1033 δὲ
2341 968 2533 1033 πόλιν
2574 961 2755 1054 εΗρα-

579 1069 797 1146 κλέους
827 1069 935 1132 καὶ
967 1069 1094 1133 τῶν
1125 1065 1360 1134 ἐκείνου
1392 1066 1645 1132 παίδων
1676 1071 2053 1150 νενομίκασι,
2103 1061 2425 1153 Κραγαλεῐ
2453 1065 2523 1131 δὲ
2550 1092 2597 1149 μ
2616 1090 2645 1132 ε
2664 1091 2700 1129 τ
2719 1063 2761 1130 ἀ

577 1164 689 1253 τὴν
749 1165 968 1253 ἑορτὴν
1025 1159 1402 1253 Ἡρακλέους
1463 1163 1697 1248 ἔντομα
1760 1165 2029 1230 θύουσιν
2089 1159 2238 1252 ἄχρι
2298 1166 2421 1230 νῦν.
2538 1169 2761 1230 Tamen

581 1291 700 1328 non
747 1271 996 1328 multum
1041 1269 1187 1327 haec
1231 1289 1328 1328 res
1373 1268 1546 1348 pensi
1589 1269 1771 1328 habet
1816 1268 1894 1327 ad
1937 1268 2215 1346 adlegata
2242 1268 2600 1340 testimonia,
2636 1267 2761 1346 qui-

576 1369 688 1427 bus
735 1368 880 1426 satis
926 1367 1324 1426 demonstrari
1368 1367 1614 1425 heroum
1657 1368 1881 1425 cultum
1912 1367 2167 1426 numinis
2214 1366 2597 1426 antecessisse
2645 1386 2762 1424 non

583 1469 688 1537 est,
741 1465 844 1543 qui
887 1470 1083 1541 neget.
1162 1465 1370 1544 Neque
1409 1466 1680 1542 profecto
1722 1465 1965 1524 mirum!
2032 1465 2271 1526 Etenim
2311 1483 2443 1524 cum
2484 1462 2763 1524 heroibus

578 1561 920 1640 vespertino
991 1566 1290 1640 tempore,
1363 1564 1585 1640 quippe
1655 1564 1758 1640 qui
1818 1563 2145 1622 inferorum
2214 1563 2335 1621 ritu
2404 1563 2759 1632 colerentur,

579 1681 750 1720 sacra
794 1661 1170 1732 offerrentur,
1221 1661 1364 1738 quid
1411 1661 1611 1738 aptius
1659 1661 1990 1736 excogitari
2032 1665 2233 1738 potest
2278 1680 2454 1738 quam
2498 1660 2619 1718 tale
2666 1681 2763 1718 ex-

581 1758 813 1818 ordium
861 1757 1230 1816 sollemnium
1275 1759 1339 1816 in
1385 1757 1482 1818 dei
1525 1757 1781 1820 honores
1828 1758 2255 1832 institutorum5
2304 1763 2371 1816 ut
2410 1778 2563 1836 quae
2594 1777 2763 1818 mane

580 1857 841 1934 incipere
889 1855 1150 1914 solerent
1174 1851 1237 1935 ¹).
1286 1859 1292 1866 ’

760 1971 948 2032 Vides
993 1972 1180 2048 igitur
1225 1977 1320 2030 sat
1365 1992 1646 2048 magnum
1694 1993 1821 2030 esse
1876 1992 2185 2030 numerum
2232 1992 2434 2030 eorum
2496 1973 2760 2043 heroum,

581 2069 797 2147 quibus
843 2089 965 2128 una
1009 2090 1137 2128 cum
1187 2069 1299 2128 diis
1347 2070 1780 2129 sacrificaretur
1837 2089 2027 2148 neque
2074 2089 2214 2128 sane
2260 2089 2367 2128 suo
2414 2069 2625 2147 cuique
2672 2069 2766 2128 die

581 2158 770 2227 natali
793 2161 858 2248 2),
909 2167 1014 2226 sed
1059 2167 1304 2226 deorum
1349 2169 1522 2226 festo.

759 2281 878 2342 Sed
941 2282 1104 2341 aliud
1165 2284 1307 2362 quid
1367 2283 1836 2342 consideremus!
1935 2282 2089 2342 Nam
2150 2283 2329 2340 etiam
2396 2282 2459 2340 id
2527 2283 2641 2341 tibi
2706 2284 2767 2340 in

582 2387 837 2440 mentem
883 2381 1116 2440 venisse
1163 2381 1444 2453 arbitror,
1495 2399 1626 2439 cum
1672 2399 1825 2458 quae
1871 2380 2127 2452 laudavi,
2176 2382 2371 2439 animo
2418 2380 2763 2439 recolueris:

585 2480 824 2538 illorum
893 2479 1140 2538 heroum
1208 2498 1340 2538 cum
1375 2477 1392 2482 ’
1409 2478 1524 2537 diis
1593 2479 2042 2536 coniunctorum
2120 2499 2255 2536 ossa
2328 2479 2391 2536 in
2466 2480 2767 2536 numinum

585 2577 821 2655 templis
883 2577 1122 2636 condita
1181 2578 1381 2635 fuisse.
1478 2574 1709 2649 Quibus
1764 2576 1838 2635 de
1884 2577 2173 2654 sepulcris
2221 2581 2387 2634 extat
2430 2576 2769 2654 locupletis-

583 2677 794 2734 simum
863 2673 1184 2734 Clementis
1245 2674 1646 2734 Alexandrini
1720 2675 2120 2733 testimonium
2184 2673 2407 2752 (Protr.
2457 2675 2557 2746 Π,
2626 2693 2665 2750 4
2671 2675 2763 2755 5)

587 2762 689 2834 Ἐν
732 2770 824 2854 τῶ
869 2757 988 2854 νεῷ
1033 2771 1146 2856 τῆς
1191 2762 1460 2856 Αθηνᾶς
1505 2767 1570 2833 ἐν
1614 2773 1863 2855 Λαρίσῃ
1910 2763 1977 2833 ἐν
2030 2769 2109 2854 τῇ
2156 2761 2508 2855 ακροπόλει
2561 2768 2771 2857 τάφος

587 2865 756 2930 ἐστὶν
801 2859 1134 2952 Ακρισίου,
1184 2859 1478 2954 Αθήνησι
1523 2867 1594 2932 δὲ
1639 2865 1706 2932 ἐν
1748 2867 1828 2952 τῇ
1882 2859 2229 2952 ακροπόλει
2275 2871 2633 2954 Κέκροπος,
2684 2859 2771 2944 ιός

588 2982 778 3049 φησιν
822 2955 1136 3044 Ἀντίοχος
1181 2961 1248 3028 ἐν
1288 2964 1384 3048 va
1430 2961 1632 3050 ἐνάτῳ
1678 2965 1807 3028 τῶν
1852 2960 2147 3050 ιστοριῶν
2194 2987 2208 3002 ·
2256 2969 2321 3029 τί
2366 2963 2435 3029 δὲ
2474 2958 2769 3052 Εριχθό-

587 3082 742 3136 νιος,
736 3083 750 3096 ·
797 3053 940 3142 οὐχὶ
986 3058 1054 3125 ἐν
1093 3063 1186 3146 τῷ
1233 3062 1353 3146 νεῷ
1396 3063 1511 3149 τῆς
1558 3061 1876 3140 Πολιάδος
1920 3061 2314 3149 κεκήδευται,
2308 3085 2321 3098 ·
2354 3055 2657 3150 ’Ὶμμαρος
2702 3062 2773 3128 δὲ

588 3151 623 3222 ὁ
669 3150 1024 3242 Ευμόλπου
1069 3160 1181 3224 καὶ
1227 3164 1506 3247 Δαείρας
1551 3153 1695 3241 οὐχὶ
1740 3159 1806 3226 ἐν
1858 3161 1951 3246 τῷ
2010 3160 2332 3248 περιβόλῳ
2392 3161 2507 3225 τοῦ
2567 3155 2769 3226 Ἑλευ-

589 3261 788 3321 σινίου
834 3257 948 3322 τοῦ
993 3249 1130 3322 ὑπὸ
1171 3258 1252 3344 τῇ
1300 3251 1687 3345 ἀκροπόλεις
1732 3283 1802 3323 αι
1848 3258 1917 3324 δὲ
1948 3259 2185 3324 Κελεοῦ
2231 3263 2587 3346 θυγατέρες
2630 3253 2773 3340 οὐχὶ

589 3352 655 3419 ἐν
683 3345 987 3420 Ἐλευσῖνι
1020 3355 1416 3444 τετάφαται;
1460 3359 1527 3420 τί
1573 3377 1674 3421 σοι
1718 3357 2048 3441 καταλέγει)
2087 3355 2205 3432 τὰς
2246 3355 2317 3437 ἐξ
2345 3349 2775 3442 <Υπερβορέων

589 3463 918 3536 γυναῖκας,·
963 3445 1273 3540 ’Υπερόχη
1318 3455 1428 3518 καὶ
1473 3454 1760 3540 Λαοδίκη
1805 3451 2183 3541 κέκλησθον,
2243 3453 2308 3520 ἓν
2360 3456 2453 3540 τῷ
2499 3449 2771 3541 Ἀρτεμι-

589 3554 706 3635 σίῳ
770 3548 836 3614 ἐν
897 3550 1082 3636 Δήλῳ
1143 3549 1598 3638 κεκήδευσθον,
1660 3551 1737 3616 τὸ
1798 3551 1867 3616 δὲ
1928 3549 1993 3616 ἐν
2050 3554 2142 3638 τῷ
2203 3546 2593 3630 Λπόλλωνος
2658 3554 2773 3618 τοῦ

590 3649 822 3735 Δηλίου
883 3646 1054 3712 ἐστὶν
1115 3647 1281 3735 ἱερῷ.
1373 3647 1695 3735 Λέανδρος
1749 3648 1818 3713 δὲ
1874 3649 2200 3735 Κλέαρχον
2254 3649 2320 3715 ἐν
2366 3650 2627 3737 Μιλήτω
2674 3674 2773 3716 τε-

591 3744 860 3833 τάφθαι
917 3742 983 3810 ἐν
1028 3746 1120 3830 τῷ
1166 3744 1501 3830 Διδυμαίῳ
1549 3750 1738 3833 φησίν
1781 3769 1795 3784 ·
1838 3743 2129 3812 ἐνταῦθα
2174 3749 2285 3834 τῆς
2328 3750 2775 3838 Λευκοφρύνης

738 4019 780 4088 ¹)
828 4016 1149 4074 Memineris
1203 4037 1270 4074 ne
1326 4025 1516 4074 nostra
1570 4019 1794 4090 quidem
1843 4021 2109 4076 memoria
2162 4022 2504 4092 vespertinas
2559 4022 2775 4078 dierum

589 4099 854 4154 festorum
888 4097 1324 4154 introductiones
1361 4117 1479 4154 esse
1515 4098 1821 4156 inusitatas.
2823 4111 2827 4114 ’

737 4195 783 4264 5⁸)
836 4195 908 4250 Id
1002 4197 1112 4250 uod
1167 4197 1235 4250 de
1289 4197 1544 4252 omnibus
1599 4197 1717 4252 fere
1770 4199 2029 4254 heroibus
2084 4204 2327 4255 statuere
2378 4199 2599 4254 videtur
2646 4200 2775 4254 Chr.

586 4273 850 4330 Peter-sen
865 4313 878 4340 ,
942 4213 1089 4332 ffber
1133 4275 1186 4330 cl.
1234 4275 1749 4347 Gcburtstaqsfeier
1796 4279 1845 4333 b.
1883 4278 1934 4334 d.
1977 4279 2271 4338 Griechen.
2332 4279 2537 4334 Annal.
2584 4277 2774 4348 philo‘l.

589 4357 768 4427 suppl.
807 4355 870 4412 II
905 4375 958 4426 p.
1000 4359 1120 4422 348.

2420 4448 2494 4502 4*
