3325 5392
1529 561 1610 619 43

479 703 673 779 gionis
725 706 888 761 certa
937 703 1190 780 vestigia
1241 707 1586 775 occurrunt,
1639 705 1807 762 nulla
1853 704 2127 775 heroum,
2192 703 2295 780 qui
2343 702 2545 780 potius
2604 703 2665 760 in

479 801 598 859 illis
649 802 1009 861 carminibus
1057 821 1177 860 non
1225 802 1342 860 nisi
1389 801 1654 861 homines
1706 803 1988 862 mortales
2028 802 2342 874 habentur.
2436 801 2528 860 Ea
2566 801 2665 860 de-

481 921 665 972 mum,
711 922 829 978 qua
868 901 1092 976 cyclica
1137 900 1398 959 carmina
1437 905 1579 959 nata
1629 905 1785 973 sunt,
1831 905 2026 959 aetate
2065 901 2275 959 heroes
2317 901 2432 958 coli
2472 900 2669 978 coepti

482 1003 638 1057 sunt.
717 998 803 1058 Ut
843 1003 1040 1058 autem
1079 999 1338 1076 primum
1379 999 1739 1058 sacrificium
1779 999 1947 1057 heroi
1987 1000 2251 1057 oblatum
2289 1018 2400 1076 pro
2440 998 2667 1056 inferiis

481 1097 702 1156 factum
744 1101 862 1169 est,
905 1098 992 1155 ita
1029 1096 1276 1155 heroum
1317 1097 1725 1174 sepulcrorum
1767 1097 1978 1174 religio
2018 1094 2253 1155 Eumeli
2300 1096 2667 1174 temporibus

482 1195 756 1254 occurrit.
830 1192 1020 1273 Apud
1049 1194 1384 1253 Hesiodum
1414 1195 1626 1254 heroes
1657 1195 1895 1254 iamiam
1926 1194 2182 1253 medium
2212 1196 2370 1254 inter
2400 1195 2667 1253 homines

482 1297 540 1351 et
594 1293 734 1350 deos
789 1295 984 1353 locum
1035 1297 1266 1365 tenent,
1342 1292 1496 1352 sicut
1551 1293 1774 1352 mortui
1826 1293 1903 1352 ad
1971 1293 2284 1352 daemones
2344 1294 2534 1352 evecti
2584 1293 2669 1351 ibi

479 1391 880 1450 inveniuntur.
975 1391 1074 1450 Ita
1111 1392 1359 1450 heroum
1410 1392 1604 1450 cultus
1658 1390 2087 1469 pedetemptim
2137 1391 2546 1450 succrescebat
2600 1412 2667 1450 eo

483 1487 720 1566 quidem
766 1490 968 1562 mod0‚
1027 1495 1095 1548 ut
1149 1491 1310 1568 apud
1361 1490 1691 1549 Pindarum
1747 1511 1879 1549 eum
1921 1511 2097 1568 quam
2137 1491 2424 1549 latissime
2463 1494 2669 1568 patere

482 1592 788 1665 appareat.
884 1587 1114 1662 Quibus
1182 1589 1491 1666 explicatis
1557 1593 1728 1648 extra
1788 1589 1971 1648 ullam
2037 1610 2176 1648 sane
2238 1589 2669 1648 dubitationem

481 1687 924 1746 demonstratur
964 1687 1210 1746 heroum
1253 1688 1477 1746 cultum
1517 1707 1637 1746 non
1690 1708 1868 1765 posse
1923 1687 2311 1746 antecessisse
2364 1687 2669 1746 defuncto-

445 1845 448 1848 .
483 1804 614 1843 rum
656 1785 1021 1861 religionem.
1116 1785 1355 1844 Etenim
1395 1785 1656 1844 manium
1698 1787 1893 1844 cultus
1934 1806 2055 1844 non
2095 1787 2285 1844 solum
2324 1787 2443 1844 iam
2484 1789 2665 1856 extat,

484 1903 614 1941 cum
654 1883 727 1940 de
781 1883 1026 1942 heroum
1080 1905 1154 1943 ne
1211 1884 1461 1960 cogitari
1525 1884 1763 1961 quidem
1826 1885 1992 1956 licet,
2059 1904 2267 1944 verum
2330 1885 2507 1942 etiam
2566 1883 2672 1942 ubi

480 1981 738 2059 primum
779 1983 1061 2054 occurrit,
1106 1983 1221 2041 iam
1261 1982 1402 2041 talis
1445 1977 1723 2054 occurrit,
1769 1983 2001 2060 qualem
2041 1986 2251 2060 postea
2288 2003 2403 2040 usu
2442 1985 2671 2040 consta-

482 2080 718 2139 bilitum
779 2080 1072 2153 videmus,
1139 2081 1201 2138 id
1257 2081 1417 2157 quod
1468 2085 1699 2140 veteres
1753 2082 1871 2159 ipsi
1921 2102 2041 2140 non
2080 2080 2451 2152 nesciebant,
2519 2081 2675 2138 sicut

482 2183 740 2237 testatur
777 2176 1140 2238 Aristoteles
1189 2179 1460 2255 (Eudem.
1520 2180 1634 2256 frg.
1698 2182 1835 2257 40):
1904 2177 2013 2240 καὶ
2058 2174 2133 2240 τὸ
2184 2175 2563 2260 ψεύσασθαί
2606 2197 2671 2237 τι

484 2265 624 2336 κατ’
671 2265 880 2336 αὐτῶν
925 2273 1033 2337 καὶ
1079 2271 1154 2337 τὸ
1199 2273 1593 2360 βλασφημεῖν
1638 2265 1755 2354 οὐχ
1801 2267 1975 2338 ὅσιον
2013 2267 2102 2350 (ὃς
2131 2271 2297 2338 κατὰ
2330 2272 2672 2358 βελτιόνων

484 2363 820 2456 ἡγούμεθα
865 2371 976 2434 καὶ
1020 2371 1393 2458 κρειττόνων
1439 2365 1558 2458 ἤδη
1603 2371 1948 2456 γεγονότων
1995 2395 2010 2410 ·
2058 2373 2168 2436 καὶ
2213 2363 2415 2436 ταῦθ’
2471 2363 2673 2446 οὕτως

485 2462 719 2554 ἀρχαῖα
764 2469 876 2532 καὶ
919 2468 1173 2534 παλαιὰ
1218 2467 1499 2534 διατελεῖ
1540 2474 1952 2552 νενομισμένα
1998 2462 2159 2557 παρ’
2206 2463 2355 2556 ἡμῖν
2396 2463 2557 2534 ὥστε
2584 2466 2673 2532 τὸ

488 2566 803 2652 παράπαν
848 2560 1055 2644 οὐδεὶς
1101 2561 1267 2632 οἶδεν
1313 2561 1464 2654 οὔτε
1502 2569 1616 2632 τοῦ
1662 2567 1889 2655 χρόνου
1936 2565 2050 2654 τὴν
2095 2561 2297 2655 α’ρχὴν
2355 2559 2499 2632 οὔτε
2559 2565 2673 2631 τὸν

487 2669 689 2728 θέντα
734 2666 1012 2752 πρῶτον,
1062 2658 1225 2730 ἀλλὰ
1269 2664 1382 2731 τὸν
1429 2659 1699 2753 ἄπειρον
1745 2665 1950 2730 αἰῶνα
1995 2665 2371 2750 τυγχάνουσι
2420 2663 2526 2730 διὰ
2570 2669 2669 2728 τέ-

485 2763 630 2840 λους
677 2756 842 2828 οὕτω
889 2769 1298 2847 νενομισμένα
1345 2769 1447 2844 (cf.
1495 2769 1611 2845 frg.
1660 2788 1694 2846 3
1705 2771 1787 2846 3).
1881 2769 2185 2828 Heroibus
2236 2772 2433 2828 autem
2490 2767 2671 2825 hono·

486 2887 600 2938 reS‚
643 2871 713 2924 ut
750 2886 846 2924 res
885 2887 992 2946 pes
1034 2887 1096 2924 se
1135 2867 1303 2937 tulit,
1349 2867 1568 2925 sensim
1609 2867 1803 2925 exorti
1843 2867 2032 2943 magis
2074 2867 2381 2944 magisque
2420 2865 2671 2925 attribu-

487 2965 756 3023 ebantur.
849 2962 1057 3042 Atque
1097 2965 1148 3022 si
1191 2965 1524 3042 posteriore
1565 2969 1761 3024 aetate
1800 2965 2023 3023 mortui
2056 2964 2305 3042 plurimi
2331 2964 2395 3022 in
2425 2964 2673 3022 heroum

485 3047 796 3120 numerum
836 3063 1264 3135 evehebantur,
1309 3064 1418 3122 hac
1464 3084 1530 3122 re
1571 3083 1691 3121 non
1731 3064 2025 3143 probatur
2064 3068 2435 3122 mortuorum
2475 3062 2673 3138 religi-

487 3181 659 3220 onem
714 3162 936 3220 reverti
995 3161 1072 3221 ad
1125 3162 1372 3220 heroum
1431 3164 1683 3234 cultum,
1748 3162 1812 3221 id
1868 3162 2029 3238 quod
2091 3163 2223 3222 vult
2274 3161 2669 3238 Nagelsbach,

487 3253 819 3318 Nachhom.
884 3253 1160 3340 Theoloy.
1209 3280 1270 3338 p.
1329 3277 1352 3320 1
1375 3277 1475 3332 103
1541 3264 1751 3320 contra
1804 3261 2007 3338 potius
2063 3261 2127 3318 id
2186 3262 2378 3319 elucet
2426 3260 2673 3318 heroum

487 3358 788 3416 notionem
828 3358 1065 3416 iamiam
1106 3357 1474 3435 divulgatam
1493 3359 1819 3436 delapsam
1860 3378 1989 3418 esse
2028 3359 2104 3418 ad
2153 3364 2525 3418 mortuorum
2574 3378 2671 3419 ve·

487 3455 871 3527 nerationem,
920 3455 1077 3514 unde
1117 3455 1408 3532 originem
1444 3457 1719 3516 traxerit.
