3325 5392
1555 541 1634 616 ''27

503 697 766 756 carmina
812 699 1035 776 cyclica
1081 699 1154 757 de
1177 698 1445 774 mortuis
1485 698 1656 758 nobis
1697 699 1963 758 tradunt.
2045 697 2198 759 Sunt
2230 700 2467 776 quidem
2499 722 2691 778 pauca

503 816 699 872 neque
763 797 1016 854 multum
1074 799 1150 856 ad
1207 803 1579 857 mortuorum
1643 799 1869 858 cultum
1926 799 2399 876 cognoscendum
2451 801 2683 872 iuvant;

503 900 705 952 tamen
735 895 826 966 iis,
879 914 1032 970 quae
1065 917 1137 955 ex
1167 897 1421 956 Homeri
1467 897 1825 956 carminibus
1868 898 2269 974 cognovimuS,
2313 899 2475 957 nullo
2516 898 2689 957 modo

505 994 888 1065 oblocuntur,
939 1015 1148 1052 verum
1192 996 1392 1073 potius
1440 997 1618 1055 etiam
1667 1017 1740 1054 ex
1792 995 1885 1053 his
1939 997 2192 1054 fortasse
2243 985 2465 1073 colligi
2491 1002 2693 1075 potest

504 1093 755 1150 mortuis
801 1092 1038 1150 iamiam
1084 1093 1368 1152 maiorem
1415 1095 1834 1153 auctoritatem
1887 1093 2243 1152 attributam
2298 1115 2442 1153 esse.
2536 1095 2692 1156 Nam

503 1195 573 1248 ut
613 1191 882 1248 omittam
915 1191 1281 1267 religionem,
1334 1213 1486 1268 quae
1533 1194 1658 1252 sine
1706 1193 1887 1252 dubio
1919 1191 2183 1250 Tiresiae
2227 1197 2286 1251 et
2316 1191 2689 1272 Amphiarao

503 1287 740 1348 vatibus
790 1289 1048 1366 egregiis
1095 1290 1172 1348 ad
1217 1291 1493 1368 sepulcra
1539 1292 1743 1351 oblata
1778 1297 1905 1363 est,
1967 1311 2085 1367 quo
2143 1291 2318 1349 modo
2377 1293 2691 1370 intelleges

503 1386 823 1462 imaginem
864 1389 1087 1446 mortui
1115 1385 1372 1447 Achillis
1404 1386 1919 1466 Agamemnonem
1960 1389 2034 1448 ab
2066 1389 2280 1448 itinere
2313 1390 2687 1462 abstinuisse,

505 1485 620 1542 nisi
667 1504 801 1542 eum
845 1486 965 1544 iam
1009 1505 1130 1544 non
1173 1492 1370 1545 mente
1415 1489 1721 1566 privatum
1769 1509 1895 1547 esse
1940 1489 2094 1547 sicut
2132 1487 2385 1546 Homeri
2424 1491 2691 1547 mortuos

503 1587 696 1660 putes,
749 1604 882 1641 cum
929 1604 1049 1643 non
1093 1590 1330 1644 tantum
1360 1581 1873 1664 Agamemnonem
1919 1587 2331 1665 profecturum
2362 1608 2489 1646 esse
2521 1586 2687 1659 sciat,

501 1683 608 1740 sed
641 1683 817 1741 etiam
859 1683 932 1742 de
974 1685 1179 1742 futura
1213 1685 1336 1743 eius
1370 1690 1530 1745 sorte
1562 1686 1773 1746 timeat
1788 1681 1857 1762 1).
1922 1685 2123 1746 Valet
2161 1685 2349 1762 igitur
2388 1687 2507 1744 iam
2543 1686 2693 1744 illud

505 1777 797 1858 Aeschyli
843 1781 1132 1861 (Ghoeph.
1187 1786 1367 1861 315):

770 1915 1002 1989 τέκνον,
1054 1913 1348 2001 φρόνημα
1393 1914 1506 1978 τοῦ
1553 1914 1870 1991 θανόντος
1916 1906 1989 1978 οὗ
2036 1912 2309 1997 δαμάζει

770 2008 976 2096 πυρὸς
1017 2010 1265 2098 μαλερὰ
1307 2011 1572 2096 γνάθος.

685 2148 956 2208 Mortuos
1005 2154 1220 2222 autem,
1283 2151 1508 2229 quippe
1566 2152 1671 2227 qui
1714 2156 2032 2229 tantopere
2080 2151 2397 2236 hominum
2441 2151 2693 2209 salutem

507 2267 718 2306 curare
764 2252 1148 2325 putarentur,
1200 2248 1370 2334 divos
1415 2249 1652 2308 habitos
1702 2271 1829 2310 esse
1875 2271 2077 2308 manes
2124 2249 2327 2326 itaque
2374 2251 2540 2307 cultu
2586 2249 2691 2307 ali-

508 2366 625 2421 quo
672 2345 995 2404 honoratos
1040 2346 1178 2405 inde
1227 2347 1332 2423 qui
1377 2347 1638 2424 colligat,
1691 2349 1863 2406 facile
1908 2349 2263 2408 invenietur.

498 2523 502 2526 .
685 2451 797 2511 Oui
851 2454 1105 2512 fortasse
1161 2455 1382 2513 obiciat
1438 2455 1569 2531 quis
1627 2451 1885 2514 Achillis
1940 2456 2185 2515 umbrae
2242 2475 2313 2513 ea
2375 2454 2448 2512 de
2515 2474 2692 2512 causa

507 2551 582 2608 ad
635 2550 899 2610 homines
955 2553 1308 2630 superstites
1362 2553 1559 2612 redire
1613 2554 1821 2626 licere,
1893 2555 2031 2631 quia
2084 2554 2186 2612 ille
2240 2573 2360 2611 non
2424 2558 2692 2611 mortuus

508 2649 609 2720 sit,
671 2650 774 2707 sed
831 2671 862 2708 0
915 2670 1064 2728 rogo
1112 2651 1174 2709 in
1218 2649 1480 2711 Leucam
1523 2653 1780 2711 insulam
1824 2656 2296 2730 transportatuS,
2358 2651 2520 2728 quod
2566 2651 2692 2708 sine

507 2747 686 2806 dubio
741 2748 1068 2809 Nostorum
1122 2754 1301 2827 poeta
1355 2751 1593 2810 noverit
1647 2770 1900 2824 necesse!
1943 2750 2037 2809 sit.
2131 2749 2349 2826 Itaque
2417 2770 2550 2808 cum
2615 2749 2693 2808 sit

504 2846 680 2916 heros
737 2847 1100 2906 divinatione
1156 2847 1492 2925 praedituS,
1550 2849 1620 2906 ut
1676 2853 1886 2926 postea
1931 2848 2285 2926 plerumque
2315 2849 2692 2923 habebantur

497 2945 714 3004 ,heroes
733 2939 810 3022 2),
869 2942 1312 3022 Agamemnoni
1365 2947 1570 3012 futura
1624 2946 1965 3023 praefatum
2024 2967 2155 3004 eum
2213 2967 2356 3020 esse.
2452 2935 2693 3024 Optime
2780 3023 2785 3026 Ι

506 3044 671 3102 sane!
770 3041 888 3101 Sed
934 3044 1270 3102 memineris
1315 3044 1495 3104 velim
1539 3044 1885 3119 Polyxenae
1931 3045 2295 3104 miserrimae
2341 3045 2403 3104 in
2434 3042 2693 3121 Achillis

507 3141 783 3219 sepulcro
831 3147 1143 3202 mactatae.
1239 3141 1404 3216 Quae
1461 3143 1702 3219 quidem
1748 3141 1977 3201 Achilli
2035 3164 2156 3202 non
2212 3143 2689 3216 consecrabatur,

506 3246 575 3300 ut
621 3242 726 3318 qui
768 3243 830 3300 in
877 3241 1190 3300 beatorum
1235 3241 1444 3300 insulis
1489 3241 1971 3300 iucundissimam
2025 3241 2211 3302 vitam
2264 3247 2447 3318 atque
2481 3262 2693 3319 ¹paene

508 3340 768 3420 divinam
824 3341 1096 3416 degeret,
1177 3341 1283 3399 sed
1338 3341 1466 3416 qui,
1547 3361 1680 3398 cum
1741 3341 1870 3418 ipse
1936 3346 2091 3399 esset
2153 3345 2448 3412 mortuus,
2529 3339 2693 3397 illam

509 3439 781 3496 comitem
812 3438 1154 3515 mortisque
1203 3443 1536 3497 consortem
1592 3458 1791 3498 secum
1836 3439 2102 3498 haberet.
2196 3439 2413 3514 Itaque
2460 3437 2531 3514 si,
2557 3457 2691 3510 con-

503 3523 782 3599 cedamus
836 3533 1139 3594 Achillem
1201 3542 1271 3595 ut
1332 3537 1573 3595 heroem
1636 3557 1784 3614 prae
1849 3537 1980 3595 aliis
2045 3537 2294 3596 mortuis
2360 3535 2693 3612 insignibus

502 3635 831 3700 ,honoribus
877 3635 1177 3693 adfectum
1223 3655 1368 3707 esse,
1417 3635 1481 3693 id
1526 3640 1688 3702 certe
1721 3656 1794 3692 ex
1833 3635 1945 3693 hoc
1975 3637 2168 3713 primo
2212 3634 2489 3693 sacrificii
2526 3633 2696 3692 heroi

509 3735 742 3792 cuidam
805 3733 994 3792 oblati
1055 3733 1308 3810 vestigio
1373 3733 1504 3793 luce
1570 3735 1811 3792 clarius!
1854 3734 2172 3795 evincitur:
2250 3733 2465 3791 heroas
2478 3774 2493 3804 ,
2562 3751 2694 3790 cum

655 3978 698 4047 ¹)
736 3976 859 4046 Qua
895 3995 1022 4032 oum
1059 3995 1120 4032 re
1156 3993 1270 4032 non
1288 3978 1683 4032 conferendum
1722 3995 1856 4044 esse,
1884 3977 2034 4046 quod
2058 3976 2301 4032 Patrocli
2339 3975 2524 4031 anima
2560 3991 2694 4030 non-

507 4059 641 4112 dum
679 4057 883 4127 sepulti
933 4059 1302 4115 somniantem
1338 4058 1622 4113 Achillem
1661 4059 1989 4130 aggreditur
2026 4059 2115 4128 (ψ,
2156 4060 2264 4127 65),
2302 4075 2403 4127 per
2439 4073 2495 4110 80
2530 4073 2695 4110 unus-

509 4139 740 4209 quisque
787 4138 954 4192 videt.
1029 4137 1366 4207 Ceteroquin
1401 4139 1585 4194 Lauer
1626 4141 1662 4193 l.
1702 4142 1741 4194 1.
1776 4158 1829 4209 p.
1871 4154 1935 4204 23
1987 4155 2114 4193 eum
2163 4139 2345 4192 locum
2392 4135 2695 4234 insiticium

509 4237 626 4277 esse
663 4219 965 4276 arbitratus
1002 4222 1102 4286 est.

499 4325 553 4367 ·.’“
653 4308 700 4378 ⁹)
722 4306 1080 4455 1910111011,
1131 4275 1402 4382 Βο1ἱΐνᾶ90
1435 4325 1541 4364 zur
1577 4308 1911 4382 Herooloqic
1947 4308 2047 4363 der
2087 4305 2380 4364 G-ricchcn.
2453 4305 2696 4362 Lamban

516 4395 689 4462 1375·
815 4405 876 4460 Ι7
915 4405 1034 4459 sqq·
2375 4429 2380 4432 ·
