3325 5392
1758 548 1795 608 8

855 714 942 772 Ut
1001 713 1190 789 igitur
1251 731 1338 781 eo,
1404 711 1563 787 quod
1609 731 1779 769 sacra
1836 729 1957 767 non
2018 705 2543 782 consumebantur,
2616 711 2863 769 heroum

679 812 903 869 cultum
947 816 1078 869 arte
1139 808 1518 868 coniunctum
1563 808 1746 866 fuisse
1802 828 1935 866 cum
1990 809 2253 866 omnium
2312 808 2639 866 inferorum
2700 811 2865 868 cultu

678 907 988 986 probatur,
1039 910 1124 966 ita
1157 927 1224 965 eo
1267 927 1518 983 quoque,
1571 905 1732 982 quod
1777 906 2019 982 sanguis
2066 906 2395 964 hostiarum
2440 924 2560 964 non
2606 906 2758 965 sicut
2800 907 2865 964 in

678 1026 1029 1084 superorum
1097 1004 1344 1063 deorum
1414 1004 1717 1062 sacrificiis
1792 1004 1854 1061 in
1922 1005 2152 1062 coelum
2221 1004 2545 1062 eiciebatur
2562 1045 2577 1074 ,
2656 1025 2863 1064 verum

675 1105 738 1162 in
783 1109 1006 1163 terram
1050 1102 1492 1161 infundebatur.

853 1202 1012 1260 Huic
1043 1201 1252 1278 generi
1287 1221 1592 1260 sacrorum
1630 1201 2003 1260 heroicorum
2035 1221 2108 1258 ex
2148 1199 2400 1259 adverso
2438 1220 2597 1278 pono
2625 1197 2860 1276 ξένια,

677 1321 828 1377 quae
890 1299 1353 1378 appellabantur
1376 1293 1445 1375 ¹).
1540 1299 1662 1370 Dii,
1729 1300 1832 1375 qui
1891 1299 2003 1357 hoc
2065 1298 2189 1356 ritu
2249 1297 2623 1369 colebantur,
2692 1301 2865 1356 erant

675 1399 966 1476 imprimis
1013 1392 1369 1457 Πλούτων
1415 1393 1780 1469 Διόνυσος
1839 1385 2281 1478 Ἀσκληπιὸς
2341 1389 2524 1468 Ζεὺς
2579 1391 2861 1478 Σωτήρ,

675 1496 953 1555 nimirum
1001 1497 1126 1554 eius
1171 1495 1407 1570 generis
1454 1495 1716 1566 numina,
1768 1514 1920 1571 quae
1967 1494 2263 1553 artissime
2308 1497 2527 1552 natura
2579 1513 2687 1552 sua
2730 1514 2863 1552 cum

676 1595 1010 1653 hominibus
1072 1593 1388 1652 coniuncta
1449 1613 1576 1650 esse
1640 1592 2008 1652 viderentur.
2102 1591 2358 1650 Praeter
2418 1592 2527 1649 hos
2582 1592 2724 1650 deos
2771 1597 2889 1651 sat·

674 1712 923 1770 magnus
969 1711 1250 1750 numerus
1312 1691 1616 1748 numinum
1672 1690 1764 1748 his
1812 1690 2077 1748 ciborum
2125 1690 2308 1748 sacris
2368 1689 2648 1749 honorati
2700 1694 2859 1762 sunt,

675 1790 748 1848 de
796 1790 1010 1867 quibus
1056 1791 1174 1848 iam
1219 1789 1399 1866 paulo
1447 1789 1703 1866 amplius
1751 1789 2060 1866 disputare
2107 1806 2258 1865 opus
2306 1791 2414 1846 est.

852 1885 1123 1959 Quodam
1192 1886 1366 1944 modo
1436 1887 1634 1944 omnia
1704 1907 1872 1944 sacra
1947 1906 2060 1963 pro
2130 1885 2377 1944 deorum
2444 1885 2589 1944 cibis
2658 1886 2864 1944 habita

673 1985 855 2043 fuisse
901 1984 1018 2042 dici
1063 1989 1295 2062 potest3
1361 1989 1564 2042 tamen
1616 1984 1729 2043 hoc
1788 1985 1920 2042 loco
1966 2003 2087 2042 non
2147 1983 2264 2041 nisi
2308 1983 2383 2041 de
2442 1983 2515 2042 iis
2561 1984 2863 2042 sacrificiis

671 2081 843 2140 nobis
890 2082 1315 2161 disputandum
1363 2087 1469 2153 est,
1531 2069 1683 2159 quae
1744 2102 1809 2139 re
1871 2102 2015 2140 vera
2064 2083 2274 2160 epulae
2335 2101 2499 2140 more
2559 2082 2861 2141 hominum

673 2185 920 2258 paratae
975 2186 1148 2239 erant
1200 2200 1392 2257 neque
1439 2201 1570 2239 cum
1617 2180 2123 2252 sacrificarentur,
2180 2181 2307 2256 igni
2352 2184 2857 2238 consumerentur.

672 2276 856 2337 Sacra
922 2279 1230 2337 combusta
1296 2299 1332 2336 a
1398 2298 1518 2336 non
1589 2277 1912 2336 combustis
1989 2283 2305 2355 segregata
2374 2298 2501 2336 esse
2570 2278 2645 2337 ab
2713 2279 2861 2356 ipsis

670 2380 940 2434 veterum
1006 2376 1399 2453 scriptoribus
1468 2377 1933 2434 luculentissime
2002 2377 2267 2434 illustrat
2327 2374 2695 2454 Theopomp.
2760 2397 2857 2454 ap.

669 2473 971 2551 Porphyr.
1023 2474 1096 2532 de
1153 2474 1369 2532 abstin.
1435 2473 1520 2544 Π,
1583 2492 1604 2532 1
1619 2475 1677 2545 8,
1729 2473 1833 2532 ubi
1886 2477 2096 2532 narrat
2158 2471 2512 2532 Clearchum
2567 2474 2861 2550 quendam

671 2565 1054 2648 σπουδάζειν
1097 2572 1315 2650 μέντοι
1355 2560 1491 2631 άπὸ
1531 2565 1793 2630 πάντων
1838 2567 1965 2630 τῶν
2014 2571 2548 2652 περιγιγνομένων
2592 2567 2861 2654 καρπῶν

669 2667 779 2730 καὶ
824 2667 951 2730 τῶν
996 2659 1269 2752 ὡραίων,
1320 2659 1362 2730 ἃ
1409 2662 1477 2730 ἐκ
1523 2666 1639 2751 τῆς
1684 2665 1798 2751 γῆς
1842 2663 2254 2749 λαμβάνεται,
2304 2675 2438 2741 τοῖς
2470 2669 2655 2742 θεοῖς
2701 2667 2855 2750 (scil.

667 2757 866 2849 Ἑρμῇ
921 2764 1031 2828 καὶ
1075 2757 1336 2848 Ἑκάτῃ)
1384 2761 1501 2839 τὰς
1563 2757 1868 2848 ἀπαρχὰς
1930 2755 2275 2844 ἀπονέμειν
2323 2784 2339 2800 ·
2387 2764 2515 2827 καὶ
2574 2761 2668 2828 τὰ
2724 2762 2859 2846 μὲν

669 2849 1165 2947 προτιθέναι,
1214 2858 1305 2926 τὰ
1347 2859 1429 2924 ’δὲ
1474 2858 1937 2945 καθαγίζειν
1982 2853 2266 2937 αὐτοῖς.

847 2961 912 3021 Si
958 2964 1173 3040 placet,
1217 2963 1521 3022 ordiamur
1565 2983 1601 3022 a
1656 2963 1796 3021 diis
1810 3005 1824 3033 ,
1891 2962 2107 3040 quibus
2161 2962 2279 3021 cibi
2338 2963 2854 3036 consecrabantur,

670 3066 729 3119 et
813 3061 1070 3138 primum
1151 3062 1388 3138 quidem
1473 3062 1548 3120 ab
1632 3050 1927 3141 Ἑκάτῃ,
2014 3061 2180 3120 euius
2216 3101 2222 3105 -
2262 3061 2666 3139 unusquisque
2748 3062 2860 3121 scit

669 3153 925 3230 δεῖπνα,
1004 3180 1156 3235 quae
1232 3159 1527 3218 dicuntur.
1646 3157 1887 3236 Optime
1958 3158 2032 3216 de
2107 3159 2199 3217 his
2278 3160 2468 3236 epulis
2546 3159 2859 3219 edocemur

667 3254 984 3334 Aristoph.
1027 3256 1191 3314 Plut.
1228 3278 1284 3315 v.
1324 3274 1448 3334 594
1499 3276 1627 3332 sqq.
1680 3277 1728 3315 c.
1780 3256 1985 3327 schol„
2034 3256 2192 3314 unde
2239 3277 2337 3315 eas
2383 3257 2578 3335 prima
2623 3278 2856 3335 quaque

667 3355 810 3413 luna
829 3349 878 3431 ς*3)
913 3353 1022 3413 sub
1054 3374 1365 3431 vesperem
1396 3354 1471 3413 ab
1505 3353 1841 3412 hominibus
1873 3353 2191 3413 ditioribus
2221 3355 2283 3412 in
2315 3354 2511 3414 triviis
2554 3355 2856 3434 depositas

817 3589 858 3658 ¹)
905 3587 986 3643 Cf.
1033 3587 1248 3642 Frider.
1294 3586 1586 3652 Deneken,
1642 3586 1729 3640 De
1780 3586 2129 3642 Theoxeniia
2203 3587 2451 3642 Berolini
2510 3591 2659 3642 1881.
2731 3589 2854 3658 (im-

665 3669 859 3738 primis
895 3687 1012 3738 cap.
1055 3669 1139 3737 I);
1176 3685 1300 3738 pag.
1344 3682 1402 3720 2:
1445 3666 1663 3722 ‘Modus
1701 3667 2048 3722 sacrificandi
2085 3668 2143 3721 in
2178 3667 2498 3722 universum
2535 3668 2581 3721 is
2618 3672 2754 3734 erat,
2793 3673 2856 3722 ut

664 3749 830 3802 variis
867 3749 1002 3803 cibis
1040 3749 1098 3801 in
1136 3765 1326 3802 mensa
1364 3766 1519 3802 sacra
1550 3748 1833 3802 collocatis
1870 3747 2071 3817 aliquis
2109 3749 2242 3802 deus
2279 3752 2377 3802 aut
2400 3748 2562 3804 heros
2598 3749 2855 3818 precibus

665 3829 735 3883 ad
773 3823 1107 3899 epulandum
1155 3829 1504 3883 invitaretur.
1579 3829 1673 3883 Ad
1720 3846 1970 3883 mensam
2020 3847 2131 3882 non
2179 3846 2306 3882 raro
2355 3833 2454 3884 aut
2501 3829 2854 3884 simulacrum

663 3913 759 3964 aut
796 3910 1106 3979 symbolum
1145 3908 1234 3963 dei
1271 3909 1653 3978 apponebatur
1688 3912 1784 3962 aut
1819 3925 1930 3961 non
1956 3907 2119 3962 aliter
2156 3912 2322 3976 atque
2358 3908 2571 3963 homini
2608 3909 2853 3978 epulanti

661 3990 836 4044 lectus
873 3990 1150 4059 tapetibus
1187 3993 1248 4043 et
1281 3988 1524 4057 pulvinis
1562 3983 1970 4041 exornabatur?

807 4067 855 4138 ⁹)
905 4069 976 4122 V.
1024 4067 1229 4122 Athen.
1280 4068 1426 4134 VII,
1498 4071 1594 4119 126
1643 4086 1697 4136 p.
1753 4080 1885 4133 325:
1963 4071 2055 4118 καὶ
2103 4079 2226 4122 ταῖς
2278 4065 2537 4140 τριακάσι
2588 4065 2729 4136 αὐτῇ
2778 4068 2851 4122 τὰ

662 4147 861 4200 δεῖπνα
922 4151 1168 4221 φέρουσι.
1257 4148 1338 4201 Of.
1388 4147 1736 4202 Schoemann
1787 4147 1856 4200 ad
1908 4146 2127 4200 Isaeum
2187 4166 2241 4216 p.
2303 4163 2422 4215 219.
2509 4149 2851 4219 Theopomp.

660 4231 695 4282 l.
736 4230 798 4282 l.:
848 4227 958 4281 Τὸν
997 4226 1055 4280 δὲ
1095 4226 1390 4300 Κλέαρχον
1429 4225 1604 4297 φάναι
1642 4224 1916 4278 ἐπιτελεῖν
1953 4231 2045 4278 καὶ
2080 4225 2397 4283 σπουδαίως
2432 4227 2603 4281 θύειν
2640 4231 2701 4281 ἐν
2736 4243 2853 4284 τοῖς

663 4307 1006 4381 προσήκουσι
1031 4305 1270 4381 χρόνοις,
1309 4305 1451 4359 κατὰ
1489 4308 1640 4374 μῆνα
1676 4310 1909 4359 ἕκαστον
1944 4321 2065 4362 ταῖς
2100 4311 2427 4375 νουμηνίαις
2464 4311 2850 4381 οτεφανοῢντα

664 4393 756 4440 καὶ
794 4385 1177 4462 φαιδρύνοντα
1221 4385 1324 4439 τὸν
1356 4385 1563 4462 Ἑρμῆν
1615 4391 1708 4439 καὶ
1743 4385 1851 4453 τῆν
1883 4385 2118 4458 Ἑκάτην
2166 4392 2259 4440 καὶ
2306 4391 2480 4459 τιμᾶν
2518 4387 2852 4460 λιβανωτοῖς
