3325 5392
1467 504 1540 570 ¹7

413 650 560 714 satis
603 652 820 712 docent
847 671 968 710 non
999 652 1190 712 solum
1221 657 1598 714 concremata
1641 673 1769 711 esse
1810 651 1917 712 illa
1947 666 2133 725 sacra,
2175 669 2383 714 verum
2415 652 2593 714 etiam

411 757 482 810 ut
528 751 734 830 epulas
789 750 1008 810 oblata.
1105 750 1282 824 Quod
1341 770 1472 810 cum
1528 749 1590 808 in
1651 751 1902 811 mortuis
1962 751 2319 832 sepeliendis
2372 753 2595 812 factum

415 869 542 908 esse
585 853 819 907 constet
841 842 912 925 ¹),
960 850 1105 926 quid
1146 848 1390 908 tandem
1435 850 1654 922 obstat,
1712 850 2027 928 quominus
2081 849 2145 909 id
2198 850 2379 910 etiam
2431 852 2597 912 fune·

413 947 580 1006 ribus
637 945 950 1005 celebratis
1003 947 1243 1025 saepius
1288 953 1642 1026 usurpatum
1688 948 1870 1008 fuisse
1916 949 2262 1026 colligamus
2279 991 2294 1022 ‚
2367 948 2600 1008 etiamsi

416 1051 686 1104 veterum
717 1043 1075 1121 scriptorum
1107 1043 1467 1105 Graecorum
1501 1045 1789 1106 disertum
1820 1047 1895 1107 de
1924 1047 2035 1106 hac
2080 1067 2147 1105 re
2192 1046 2597 1106 testimonium

415 1144 645 1202 frustra
689 1141 958 1220 requires
974 1140 1003 1200 ?
1092 1143 1244 1202 Tum
1290 1144 1568 1204 Bekkero
1615 1142 1848 1206 Anecd.
1901 1162 2060 1260 2471,
2116 1161 2191 1222 27
2245 1144 2596 1204 exhibente.

411 1231 720 1302 Ἑκαταῖα
769 1259 783 1274 ·
831 1236 916 1302 τὰ
960 1238 1041 1324 τῇ
1085 1231 1316 1324 Ἑκάτῃ
1369 1239 1695 1321 θυόμενα,
1759 1231 1927 1326 άπερ
1988 1237 2123 1303 ἔστι
2181 1240 2311 1303 τῶν
2369 1240 2600 1326 νεκρῶν

353 1331 360 1338 ’
415 1334 803 1420 ἐναγίσματα
816 1377 838 1410 ,
913 1361 1109 1399 nonne
1155 1340 1292 1400 inde
1337 1341 1659 1401 verisimile
1713 1341 1783 1400 fit
1828 1340 2077 1400 mortuis
2126 1341 2302 1400 etiam
2349 1337 2597 1418 δεῖπνα,

415 1458 568 1514 quae
615 1437 854 1515 quidem
899 1439 1166 1498 Hecatae
1213 1460 1382 1498 sacra
1429 1461 1555 1498 esse
1603 1439 2014 1516 cognovimuS,
2074 1439 2386 1518 proposita
2430 1439 2603 1500 esse?

416 1535 530 1613 (Of.
585 1535 922 1596 Schemann
983 1536 1060 1596 ad
1103 1537 1342 1596 Isaeum
1388 1560 1448 1616 p.
1503 1557 1534 1599 2
1555 1556 1628 1616 19
1678 1540 1796 1615 sq.)
1874 1536 2075 1610 Quid?
2150 1535 2217 1596 Si
2268 1537 2332 1596 in
2386 1557 2603 1596 memo-

414 1635 564 1694 riam
627 1655 872 1695 revocas
955 1634 1153 1694 omnia
1218 1635 1322 1694 illa
1382 1635 1744 1713 anaglypha,
1816 1635 2031 1712 quibus
2100 1637 2285 1714 dapes
2352 1635 2603 1695 mortuis

417 1733 650 1792 oblatas
725 1738 1206 1812 repraesentatas
1284 1754 1410 1793 esse
1485 1754 1642 1792 nunc
1719 1733 1957 1811 quidem
2024 1753 2229 1793 omnes
2296 1735 2421 1793 fere
2487 1733 2605 1794 viri

416 1831 576 1896 docti
601 1826 652 1908 2)
717 1829 1112 1904 consentiunt,
1179 1852 1320 1890 num
1375 1837 1552 1910 putas
1616 1833 1795 1910 plura
1854 1852 2005 1911 opus
2060 1851 2186 1890 esse
2241 1831 2600 1904 testimonia,

417 1949 574 2006 quae
634 1929 806 1988 nobis
869 1929 1281 1988 demonstrent
1341 1951 1543 1989 manes
1605 1929 1873 1990 ciborum
1934 1929 2117 1990 sacris
2180 1930 2371 1988 cultos
2434 1950 2561 1989 esse
2574 1929 2603 1987 ⁴?

414 2027 506 2086 Eo
550 2033 767 2100 autem,
813 2029 976 2105 quod
1005 2027 1388 2106 Augustinus
1434 2029 1590 2088 hunc
1635 2049 1861 2087 morem
1906 2026 2298 2108 oppugnavit,
2349 2027 2605 2087 dilucide

249 2204 256 2211 ε
296 2137 308 2145 “
417 2131 676 2205 apparet
731 2146 864 2186 eum
924 2127 1100 2186 valde
1161 2126 1224 2185 in
1284 2147 1397 2187 usu
1457 2127 1664 2200 fuisse3
1732 2129 1805 2186 cf.
1857 2125 2044 2186 Serm.
2095 2126 2169 2185 de
2216 2125 2435 2184 sanctis
2492 2143 2600 2202 15:

415 2219 654 2298 (Μίτυν,
715 2245 822 2284 cur
877 2226 1040 2304 apud
1083 2225 1352 2284 infideles
1398 2225 1574 2284 hodie
1618 2230 1745 2284 tam
1790 2222 2158 2302 perniciosus
2205 2242 2375 2281 error
2418 2223 2607 2282 incre-

417 2323 602 2396 verit,
669 2329 740 2382 ut
793 2343 976 2402 super
1019 2326 1281 2384 tumulos
1328 2323 1741 2382 defunctorum
1790 2323 1951 2382 cibos
1998 2327 2059 2380 et
2096 2321 2239 2381 vina
2276 2309 2607 2380 conferant'

418 2427 480 2481 et
523 2421 618 2481 De
675 2420 841 2481 civit.
886 2421 1006 2480 Dei
1049 2422 1169 2496 IX,
1224 2439 1332 2500 27:
1394 2413 1769 2498 ‘Quicunque
1830 2419 2009 2479 etiam
2071 2419 2278 2497 epulas
2340 2439 2475 2478 suas
2537 2439 2606 2477 eo

419 2520 573 2597 (scil.
646 2519 710 2578 in
781 2525 1114 2596 martyrum
1173 2520 1476 2600 sepulcra)
1542 2519 1820 2578 deferunt
1837 2561 1853 2591 ,
1904 2551 1987 2563 -
2042 2518 2203 2594 quod
2270 2517 2507 2595 quidem
2573 2538 2610 2576 a

427 2616 782 2677 Christianis
827 2617 1173 2678 melioribus
1219 2639 1340 2677 non
1385 2618 1480 2689 fit,
1541 2622 1602 2676 et
1644 2617 1709 2675 in
1755 2615 2056 2696 plerisque
2100 2621 2399 2676 terrarum
2444 2617 2613 2675 nulla

425 2715 564 2774 talis
597 2721 690 2774 est
720 2717 1106 2793 consuetudO,
1143 2751 1219 2761 —-
1255 2723 1456 2776 tamen
1501 2715 1838 2792 quicunque
1882 2713 1946 2772 id
1990 2713 2234 2788 faciunt,
2284 2735 2430 2792 quas
2476 2733 2610 2772 cum

429 2813 835 2892 apposuerint,
886 2803 1063 2872 orant
1109 2819 1170 2874 et
1214 2817 1512 2888 auferunt,
1563 2818 1631 2873 ut
1678 2817 2013 2884 vescantur,
2063 2814 2159 2871 vel
2198 2830 2273 2872 ex
2310 2812 2387 2872 iis
2432 2811 2610 2872 etiam

429 2909 826 2988 indigentibus
872 2912 1226 2990 largiantur,
1283 2912 1640 2974 sanctificari
1686 2911 1799 2969 sibi
1844 2931 1945 2969 eas
1990 2911 2201 2970 volunt
2242 2931 2353 2989 per
2397 2909 2611 2969 merita

434 3014 756 3085 martyrum
798 3011 862 3069 in
908 3012 1144 3070 nomine
1196 3010 1442 3070 Domini
1485 2997 1861 3085 martyrum.'
1896 3041 1972 3050 —
2010 3008 2095 3066 Et
2138 3008 2393 3068 fortasse
2438 3007 2611 3067 nobis

429 3107 721 3168 succurrit
763 3108 1063 3168 Lucianus
1119 3111 1218 3186 (π.
1266 3129 1326 3168 τ.
1385 3102 1501 3170 ἐπὶ
1553 3103 1782 3188 μισθῷ
1836 3102 2147 3168 συνόντων
2196 3107 2324 3184 28),
2386 3106 2493 3166 ubi
2538 3106 2611 3166 de

429 3206 620 3284 epulis
689 3207 851 3285 apud
920 3209 1195 3286 sepulcra
1252 3206 1546 3266 institutis
1611 3205 1807 3264 dicere
1868 3205 2138 3266 videtur:
2211 3199 2427 3277 ἔοικας
2490 3199 2613 3287 γὰρ

421 3299 568 3365 τότε
629 3301 826 3388 στήλῃ
889 3300 1090 3367 ἑώλου
1150 3300 1321 3379 τινὸς
1381 3302 1599 3388 νεκροῦ
1661 3293 1929 3385 ἄγοντος
1988 3297 2375 3384 ἐναγίσματα
2434 3321 2448 3336 ·
2506 3300 2613 3364 καὶ

420 3397 546 3485 γὰρ
591 3397 830 3464 ἐκείνου
874 3405 1299 3482 καταχέαντες
1341 3399 1540 3486 μύρον
1584 3400 1696 3464 καὶ
1740 3397 1850 3464 τὸν
1896 3403 2211 3486 στέφανον
2268 3395 2614 3473 ἐπιθέντες

887 3679 1041 3730 νέκυς
1079 3671 1138 3726 δὲ
1173 3670 1605 3747 χαμαιστρώτου
1642 3674 1736 3724 ἐπὶ
1773 3671 1960 3729 κλίνας

709 3750 923 3828 εὐρείης
960 3752 1239 3824 στιβάδος,
1278 3750 1551 3827 προέθηοί
1594 3749 1812 3806 αὐτοῖσι
1849 3751 2092 3806 θάλειαν

711 3832 878 3887 δαῖτα
915 3833 1160 3909 ποτήριά
1196 3854 1259 3886 τε
1299 3833 1604 3907 στεφάνους
1639 3831 1686 3886 τ’
1728 3835 1821 3886 ἐπὶ
1858 3837 2055 3906 κρασὶν
2091 3833 2319 3899 ἔθηκεν.

576 3922 624 3992 ²)
655 3922 796 3978 Luc.
829 3941 889 3977 π.
919 3925 1091 3976 πένθ’.
1125 3939 1213 3989 14:
1252 3927 1346 3975 καὶ
1381 3926 1601 3991 ἐσθῆτα
1639 3929 1733 3979 καὶ
1767 3920 1872 3974 τὸν
1910 3918 2082 3974 ἄλλον
2107 3919 2320 3989 κόσμον
2356 3923 2614 3992 συγκατέ-

422 3998 633 4072 φλεξαν
669 4003 702 4069 ἢ
743 4001 1172 4077 συγκατώρυξαν
1199 4001 1270 4059 ὥς
1302 4008 1667 4078 χρησομένοις
1701 4006 1817 4056 ἐκεῖ
1848 4005 1940 4054 καὶ
1978 3998 2356 4054 ἀπολαύσουσι
2337 4023 2391 4054 ιν
2425 3997 2617 4054 αὐτῶν

421 4079 594 4134 κάτω.
667 4081 753 4138 De
789 4101 942 4138 more
977 4083 1277 4140 Persarum
1319 4085 1447 4139 vide
1482 4077 1983 4139 luculentissimum
2032 4082 2346 4151 exemplum
2382 4099 2469 4150 ap.
2506 4081 2615 4134 Ar-

427 4161 569 4216 rian.
605 4161 768 4218 Alex.
807 4165 966 4218 anab.
1006 4163 1114 4230 VI,
1155 4179 1237 4232 29,
1277 4181 1310 4230 4
1348 4183 1467 4234 sqq.

553 4251 627 4322 st)
661 4251 732 4307 U.
769 4252 1012 4320 Ksshler,
1070 4253 1408 4326 Mittheilyy.
1452 4255 1503 4309 d.
1544 4253 1787 4308 deutseh.
1832 4253 1982 4308 arch.
2024 4253 2171 4308 Imt.
2212 4269 2285 4306 zu
2333 4251 2520 4308 Athen
2556 4249 2619 4304 11

433 4334 584 4399 1877.
622 4350 676 4402 p.
718 4337 820 4398 246
857 4337 970 4387 not.
1019 4350 1062 4387 1.

2262 4425 2297 4480 2
