<?xml version="1.0" encoding="UTF-8"?>
<!DOCTYPE html PUBLIC "-//W3C//DTD XHTML 1.0 Transitional//EN"
    "http://www.w3.org/TR/xhtml1/DTD/xhtml1-transitional.dtd">
<html xmlns="http://www.w3.org/1999/xhtml" xml:lang="en" lang="en">
 <head>
  <title>
</title>
<meta http-equiv="Content-Type" content="text/html;charset=utf-8" />
  <meta name='ocr-system' content='tesseract 3.04.00' />
  <meta name='ocr-capabilities' content='ocr_page ocr_carea ocr_par ocr_line ocrx_word'/>
</head>
<body>
  <div class='ocr_page' id='page_1' title='image "./deheroumapudgra00wassgoog_0051.png"; bbox 0 0 3325 5392; ppageno 0'>
   <div class='ocr_carea' id='block_1_1' title="bbox 1511 541 1593 605">
    <p class='ocr_par' dir='ltr' id='par_1_1' title="bbox 1511 541 1593 605">
     <span class='ocr_line' id='line_1_1' title="bbox 1511 541 1593 605; baseline 0.012 -1"><span class='ocrx_word' id='word_1_1' title='bbox 1511 541 1593 605; x_wconf 80' lang='lat'><strong>47</strong></span> 
     </span>
    </p>
   </div>
   <div class='ocr_carea' id='block_1_2' title="bbox 459 684 2652 3516">
    <p class='ocr_par' dir='ltr' id='par_1_2' title="bbox 461 684 2651 2341">
     <span class='ocr_line' id='line_1_2' title="bbox 639 684 2645 766; baseline -0.001 -19"><span class='ocrx_word' id='word_1_2' title='bbox 639 688 735 748; x_wconf 88' lang='lat' dir='ltr'><strong>De</strong></span> <span class='ocrx_word' id='word_1_3' title='bbox 787 688 1002 766; x_wconf 85' lang='lat' dir='ltr'><strong>quibus</strong></span> <span class='ocrx_word' id='word_1_4' title='bbox 1052 687 1212 764; x_wconf 87' lang='lat' dir='ltr'><strong>quod</strong></span> <span class='ocrx_word' id='word_1_5' title='bbox 1257 688 1444 759; x_wconf 80' lang='lat' dir='ltr'><strong>valet,</strong></span> <span class='ocrx_word' id='word_1_6' title='bbox 1492 686 1556 746; x_wconf 88' lang='lat' dir='ltr'><strong>id</strong></span> <span class='ocrx_word' id='word_1_7' title='bbox 1597 685 1758 746; x_wconf 84' lang='lat' dir='ltr'><strong>cadit</strong></span> <span class='ocrx_word' id='word_1_8' title='bbox 1797 684 2075 744; x_wconf 87' lang='lat' dir='ltr'><strong>nimirum</strong></span> <span class='ocrx_word' id='word_1_9' title='bbox 2112 685 2402 766; x_wconf 84' lang='lat' dir='ltr'>imprimis</span> <span class='ocrx_word' id='word_1_10' title='bbox 2449 686 2511 745; x_wconf 86' lang='lat' dir='ltr'><strong>in</strong></span> <span class='ocrx_word' id='word_1_11' title='bbox 2552 707 2645 746; x_wconf 88' lang='lat' dir='ltr'><strong>ea·</strong></span> 
     </span>
     <span class='ocr_line' id='line_1_3' title="bbox 461 785 2646 865; baseline -0.001 -19"><span class='ocrx_word' id='word_1_12' title='bbox 461 807 592 846; x_wconf 87' lang='lat' dir='ltr'><strong>rum</strong></span> <span class='ocrx_word' id='word_1_13' title='bbox 643 788 928 864; x_wconf 89' lang='lat' dir='ltr'><strong>gentium,</strong></span> <span class='ocrx_word' id='word_1_14' title='bbox 983 807 1135 864; x_wconf 90' lang='lat' dir='ltr'><strong>quae</strong></span> <span class='ocrx_word' id='word_1_15' title='bbox 1183 787 1424 865; x_wconf 88' lang='lat' dir='ltr'><strong>publico</strong></span> <span class='ocrx_word' id='word_1_16' title='bbox 1473 785 1721 844; x_wconf 87' lang='lat' dir='ltr'><strong>alicuius</strong></span> <span class='ocrx_word' id='word_1_17' title='bbox 1776 785 2032 842; x_wconf 89' lang='lat' dir='ltr'><strong>numinis</strong></span> <span class='ocrx_word' id='word_1_18' title='bbox 2070 785 2403 844; x_wconf 87' lang='lat' dir='ltr'><strong>sacerdotio</strong></span> <span class='ocrx_word' id='word_1_19' title='bbox 2440 805 2646 863; x_wconf 87' lang='lat' dir='ltr'><strong>praee·</strong></span> 
     </span>
     <span class='ocr_line' id='line_1_4' title="bbox 461 873 2646 960; baseline 0 -16"><span class='ocrx_word' id='word_1_20' title='bbox 461 890 615 958; x_wconf 90' lang='lat' dir='ltr'><strong>rant,</strong></span> <span class='ocrx_word' id='word_1_21' title='bbox 659 886 912 944; x_wconf 85' lang='lat' dir='ltr'><strong>maiores</strong></span> <span class='ocrx_word' id='word_1_22' title='bbox 955 890 1015 943; x_wconf 90' lang='lat' dir='ltr'><strong>et</strong></span> <span class='ocrx_word' id='word_1_23' title='bbox 1064 885 1420 956; x_wconf 89' lang='lat' dir='ltr'><strong>conditores,</strong></span> <span class='ocrx_word' id='word_1_24' title='bbox 1465 885 1570 960; x_wconf 90' lang='lat' dir='ltr'><strong>qui</strong></span> <span class='ocrx_word' id='word_1_25' title='bbox 1607 883 1865 942; x_wconf 87' lang='lat' dir='ltr'><strong>numinis</strong></span> <span class='ocrx_word' id='word_1_26' title='bbox 1916 888 2089 942; x_wconf 88' lang='lat' dir='ltr'><strong>erant</strong></span> <span class='ocrx_word' id='word_1_27' title='bbox 2126 883 2465 942; x_wconf 72' lang='lat' dir='ltr'><strong>sacerdotes</strong></span> <span class='ocrx_word' id='word_1_28' title='bbox 2504 873 2646 944; x_wconf 68' lang='grc' dir='ltr'><strong><em>κατ’</em></strong></span> 
     </span>
     <span class='ocr_line' id='line_1_5' title="bbox 461 979 2646 1066; baseline -0.001 -22"><span class='ocrx_word' id='word_1_29' title='bbox 461 979 709 1066; x_wconf 73' lang='grc' dir='ltr'><strong><em>ἐξοχήν.</em></strong></span> <span class='ocrx_word' id='word_1_30' title='bbox 801 983 954 1044; x_wconf 88' lang='lat' dir='ltr'><strong>Nam</strong></span> <span class='ocrx_word' id='word_1_31' title='bbox 1009 989 1079 1041; x_wconf 89' lang='lat' dir='ltr'><strong>ut</strong></span> <span class='ocrx_word' id='word_1_32' title='bbox 1131 1003 1170 1042; x_wconf 90' lang='lat' dir='ltr'><strong>a</strong></span> <span class='ocrx_word' id='word_1_33' title='bbox 1222 981 1446 1059; x_wconf 80' lang='lat' dir='ltr'><strong>Cinyra</strong></span> <span class='ocrx_word' id='word_1_34' title='bbox 1506 981 1936 1042; x_wconf 66' lang='lat' dir='ltr'><strong>derivabuntur</strong></span> <span class='ocrx_word' id='word_1_35' title='bbox 1996 980 2330 1058; x_wconf 84' lang='lat' dir='ltr'><strong>Cinyradae</strong></span> <span class='ocrx_word' id='word_1_36' title='bbox 2390 983 2646 1042; x_wconf 83' lang='lat' dir='ltr'><strong>Veneris</strong></span> 
     </span>
     <span class='ocr_line' id='line_1_6' title="bbox 461 1078 2648 1161; baseline -0 -21"><span class='ocrx_word' id='word_1_37' title='bbox 461 1081 800 1140; x_wconf 72' lang='lat' dir='ltr'><strong>sacerdotes</strong></span> <span class='ocrx_word' id='word_1_38' title='bbox 819 1078 894 1161; x_wconf 79' lang='lat'><strong>¹),</strong></span> <span class='ocrx_word' id='word_1_39' title='bbox 938 1082 1026 1140; x_wconf 89' lang='lat' dir='ltr'><strong>ita</strong></span> <span class='ocrx_word' id='word_1_40' title='bbox 1066 1080 1140 1140; x_wconf 90' lang='lat' dir='ltr'><strong>ab</strong></span> <span class='ocrx_word' id='word_1_41' title='bbox 1182 1081 1467 1157; x_wconf 88' lang='lat' dir='ltr'><strong>Hesycho</strong></span> <span class='ocrx_word' id='word_1_42' title='bbox 1510 1080 1891 1156; x_wconf 80' lang='lat' dir='ltr'><strong>Hesychidae</strong></span> <span class='ocrx_word' id='word_1_43' title='bbox 1904 1123 1919 1152; x_wconf 92' lang='lat'><strong>,</strong></span> <span class='ocrx_word' id='word_1_44' title='bbox 1963 1101 2000 1139; x_wconf 91' lang='lat' dir='ltr'><strong>a</strong></span> <span class='ocrx_word' id='word_1_45' title='bbox 2036 1079 2197 1138; x_wconf 88' lang='lat' dir='ltr'><strong>Buta</strong></span> <span class='ocrx_word' id='word_1_46' title='bbox 2234 1079 2648 1140; x_wconf 77' lang='lat' dir='ltr'><strong>Eteobutadae</strong></span> 
     </span>
     <span class='ocr_line' id='line_1_7' title="bbox 464 1175 2647 1258; baseline 0.001 -22"><span class='ocrx_word' id='word_1_47' title='bbox 464 1184 605 1238; x_wconf 89' lang='lat' dir='ltr'><strong>cett.</strong></span> <span class='ocrx_word' id='word_1_48' title='bbox 626 1175 691 1258; x_wconf 94' lang='grc'><strong>9).</strong></span> <span class='ocrx_word' id='word_1_49' title='bbox 773 1178 932 1252; x_wconf 81' lang='lat' dir='ltr'><strong>Quin</strong></span> <span class='ocrx_word' id='word_1_50' title='bbox 971 1180 1149 1238; x_wconf 88' lang='lat' dir='ltr'><strong>etiam</strong></span> <span class='ocrx_word' id='word_1_51' title='bbox 1189 1179 1420 1256; x_wconf 89' lang='lat' dir='ltr'><strong>amplae</strong></span> <span class='ocrx_word' id='word_1_52' title='bbox 1459 1178 1843 1254; x_wconf 86' lang='lat' dir='ltr'><strong>fingebantur</strong></span> <span class='ocrx_word' id='word_1_53' title='bbox 1884 1178 2121 1236; x_wconf 89' lang='lat' dir='ltr'><strong>fabulae</strong></span> <span class='ocrx_word' id='word_1_54' title='bbox 2160 1178 2473 1255; x_wconf 79' lang='lat' dir='ltr'><strong>mythicae,</strong></span> <span class='ocrx_word' id='word_1_55' title='bbox 2519 1180 2647 1256; x_wconf 89' lang='lat' dir='ltr'><strong>qui·</strong></span> 
     </span>
     <span class='ocr_line' id='line_1_8' title="bbox 461 1276 2647 1355; baseline -0 -20"><span class='ocrx_word' id='word_1_56' title='bbox 461 1278 574 1336; x_wconf 88' lang='lat' dir='ltr'><strong>bus</strong></span> <span class='ocrx_word' id='word_1_57' title='bbox 624 1279 774 1337; x_wconf 88' lang='lat' dir='ltr'><strong>tales</strong></span> <span class='ocrx_word' id='word_1_58' title='bbox 826 1279 1086 1337; x_wconf 82' lang='lat' dir='ltr'><strong>familiae</strong></span> <span class='ocrx_word' id='word_1_59' title='bbox 1135 1298 1264 1336; x_wconf 89' lang='lat' dir='ltr'><strong>sese</strong></span> <span class='ocrx_word' id='word_1_60' title='bbox 1315 1277 1635 1336; x_wconf 84' lang='lat' dir='ltr'><strong>sacerdotii</strong></span> <span class='ocrx_word' id='word_1_61' title='bbox 1674 1277 2055 1355; x_wconf 83' lang='lat' dir='ltr'><strong>privilegium</strong></span> <span class='ocrx_word' id='word_1_62' title='bbox 2096 1296 2323 1335; x_wconf 87' lang='lat' dir='ltr'><strong>summo</strong></span> <span class='ocrx_word' id='word_1_63' title='bbox 2362 1276 2492 1335; x_wconf 90' lang='lat' dir='ltr'><strong>iure</strong></span> <span class='ocrx_word' id='word_1_64' title='bbox 2532 1277 2647 1335; x_wconf 86' lang='lat' dir='ltr'>sibi</span> 
     </span>
     <span class='ocr_line' id='line_1_9' title="bbox 462 1374 2648 1453; baseline 0 -19"><span class='ocrx_word' id='word_1_65' title='bbox 462 1375 766 1435; x_wconf 83' lang='lat' dir='ltr'><strong>vindicare</strong></span> <span class='ocrx_word' id='word_1_66' title='bbox 826 1376 1324 1436; x_wconf 75' lang='lat' dir='ltr'><strong>demonstrarent.</strong></span> <span class='ocrx_word' id='word_1_67' title='bbox 1439 1375 1636 1452; x_wconf 87' lang='lat' dir='ltr'><strong>Legas</strong></span> <span class='ocrx_word' id='word_1_68' title='bbox 1700 1376 2207 1434; x_wconf 74' lang='lat' dir='ltr'><strong>narratiunculam</strong></span> <span class='ocrx_word' id='word_1_69' title='bbox 2268 1374 2343 1432; x_wconf 93' lang='lat' dir='ltr'><strong>de</strong></span> <span class='ocrx_word' id='word_1_70' title='bbox 2402 1375 2648 1453; x_wconf 87' lang='lat' dir='ltr'><strong>Pelopis</strong></span> 
     </span>
     <span class='ocr_line' id='line_1_10' title="bbox 464 1470 2648 1552; baseline -0.001 -20"><span class='ocrx_word' id='word_1_71' title='bbox 464 1493 597 1533; x_wconf 87' lang='lat' dir='ltr'><strong>osse</strong></span> <span class='ocrx_word' id='word_1_72' title='bbox 641 1479 902 1552; x_wconf 88' lang='lat' dir='ltr'><strong>reperto,</strong></span> <span class='ocrx_word' id='word_1_73' title='bbox 963 1494 1142 1550; x_wconf 88' lang='lat' dir='ltr'><strong>quam</strong></span> <span class='ocrx_word' id='word_1_74' title='bbox 1197 1474 1440 1534; x_wconf 80' lang='lat' dir='ltr'><strong>exhibet</strong></span> <span class='ocrx_word' id='word_1_75' title='bbox 1483 1473 1662 1533; x_wconf 79' lang='lat' dir='ltr'><strong>Faus·</strong></span> <span class='ocrx_word' id='word_1_76' title='bbox 1710 1474 1786 1546; x_wconf 87' lang='lat' dir='ltr'><strong>V,</strong></span> <span class='ocrx_word' id='word_1_77' title='bbox 1843 1492 1937 1551; x_wconf 89' lang='lat'><strong>13,</strong></span> <span class='ocrx_word' id='word_1_78' title='bbox 1988 1492 2044 1550; x_wconf 82' lang='lat'><strong>3.</strong></span> <span class='ocrx_word' id='word_1_79' title='bbox 2139 1470 2397 1551; x_wconf 84' lang='lat' dir='ltr'><strong>Scapula</strong></span> <span class='ocrx_word' id='word_1_80' title='bbox 2450 1473 2648 1532; x_wconf 87' lang='lat' dir='ltr'><strong>herois</strong></span> 
     </span>
     <span class='ocr_line' id='line_1_11' title="bbox 463 1570 2649 1631; baseline 0 -1"><span class='ocrx_word' id='word_1_81' title='bbox 463 1571 704 1630; x_wconf 79' lang='lat' dir='ltr'><strong>Troiam</strong></span> <span class='ocrx_word' id='word_1_82' title='bbox 745 1572 966 1631; x_wconf 83' lang='lat' dir='ltr'><strong>auxilio</strong></span> <span class='ocrx_word' id='word_1_83' title='bbox 1007 1573 1290 1631; x_wconf 87' lang='lat' dir='ltr'><strong>arcessita</strong></span> <span class='ocrx_word' id='word_1_84' title='bbox 1331 1576 1391 1630; x_wconf 92' lang='lat' dir='ltr'><strong>et</strong></span> <span class='ocrx_word' id='word_1_85' title='bbox 1429 1573 1494 1630; x_wconf 91' lang='lat' dir='ltr'><strong>in</strong></span> <span class='ocrx_word' id='word_1_86' title='bbox 1523 1570 1723 1630; x_wconf 88' lang='lat' dir='ltr'><strong>reditu</strong></span> <span class='ocrx_word' id='word_1_87' title='bbox 1754 1571 1832 1630; x_wconf 93' lang='lat' dir='ltr'><strong>ad</strong></span> <span class='ocrx_word' id='word_1_88' title='bbox 1861 1571 2167 1630; x_wconf 84' lang='lat' dir='ltr'><strong>Euboeam</strong></span> <span class='ocrx_word' id='word_1_89' title='bbox 2198 1573 2349 1630; x_wconf 90' lang='lat' dir='ltr'><strong>mari</strong></span> <span class='ocrx_word' id='word_1_90' title='bbox 2378 1571 2649 1630; x_wconf 88' lang='lat' dir='ltr'><strong>demersa</strong></span> 
     </span>
     <span class='ocr_line' id='line_1_12' title="bbox 463 1668 2651 1748; baseline 0 -21"><span class='ocrx_word' id='word_1_91' title='bbox 463 1670 665 1728; x_wconf 88' lang='lat' dir='ltr'><strong>multis</strong></span> <span class='ocrx_word' id='word_1_92' title='bbox 717 1671 886 1728; x_wconf 87' lang='lat' dir='ltr'><strong>annis</strong></span> <span class='ocrx_word' id='word_1_93' title='bbox 935 1675 1076 1748; x_wconf 87' lang='lat' dir='ltr'><strong>post</strong></span> <span class='ocrx_word' id='word_1_94' title='bbox 1125 1691 1162 1728; x_wconf 90' lang='lat' dir='ltr'><strong>a</strong></span> <span class='ocrx_word' id='word_1_95' title='bbox 1209 1669 1612 1728; x_wconf 89' lang='lat' dir='ltr'><strong>Damarmeno</strong></span> <span class='ocrx_word' id='word_1_96' title='bbox 1672 1669 1969 1746; x_wconf 83' lang='lat' dir='ltr'><strong>piscatore</strong></span> <span class='ocrx_word' id='word_1_97' title='bbox 2023 1668 2358 1728; x_wconf 85' lang='lat' dir='ltr'><strong>Eretriensi</strong></span> <span class='ocrx_word' id='word_1_98' title='bbox 2406 1671 2651 1729; x_wconf 83' lang='lat' dir='ltr'><strong>inventa</strong></span> 
     </span>
     <span class='ocr_line' id='line_1_13' title="bbox 463 1766 2647 1846; baseline 0.001 -22"><span class='ocrx_word' id='word_1_99' title='bbox 463 1773 570 1824; x_wconf 85' lang='lat' dir='ltr'><strong>est.</strong></span> <span class='ocrx_word' id='word_1_100' title='bbox 696 1766 814 1840; x_wconf 79' lang='lat' dir='ltr'><strong>Qui</strong></span> <span class='ocrx_word' id='word_1_101' title='bbox 883 1789 1014 1826; x_wconf 89' lang='lat' dir='ltr'><strong>cum</strong></span> <span class='ocrx_word' id='word_1_102' title='bbox 1085 1773 1257 1828; x_wconf 82' lang='lat' dir='ltr'><strong>vasta</strong></span> <span class='ocrx_word' id='word_1_103' title='bbox 1335 1768 1484 1826; x_wconf 86' lang='lat' dir='ltr'><strong>ossis</strong></span> <span class='ocrx_word' id='word_1_104' title='bbox 1563 1767 1971 1844; x_wconf 84' lang='lat' dir='ltr'><strong>magnitudine</strong></span> <span class='ocrx_word' id='word_1_105' title='bbox 2048 1768 2496 1846; x_wconf 82' lang='lat' dir='ltr'><strong>obstupefactus</strong></span> <span class='ocrx_word' id='word_1_106' title='bbox 2570 1768 2647 1826; x_wconf 85' lang='lat' dir='ltr'><strong>ab</strong></span> 
     </span>
     <span class='ocr_line' id='line_1_14' title="bbox 463 1865 2647 1944; baseline 0 -21"><span class='ocrx_word' id='word_1_107' title='bbox 463 1867 704 1926; x_wconf 87' lang='lat' dir='ltr'><strong>oraculo</strong></span> <span class='ocrx_word' id='word_1_108' title='bbox 745 1866 1042 1944; x_wconf 89' lang='lat' dir='ltr'><strong>Delphico</strong></span> <span class='ocrx_word' id='word_1_109' title='bbox 1082 1870 1417 1943; x_wconf 89' lang='lat' dir='ltr'><strong>quaereret,</strong></span> <span class='ocrx_word' id='word_1_110' title='bbox 1461 1865 1625 1924; x_wconf 89' lang='lat' dir='ltr'><strong>cuius</strong></span> <span class='ocrx_word' id='word_1_111' title='bbox 1669 1871 1825 1925; x_wconf 87' lang='lat' dir='ltr'><strong>esset</strong></span> <span class='ocrx_word' id='word_1_112' title='bbox 1864 1867 1967 1924; x_wconf 89' lang='lat' dir='ltr'><strong>illa</strong></span> <span class='ocrx_word' id='word_1_113' title='bbox 2007 1867 2267 1944; x_wconf 84' lang='lat' dir='ltr'><strong>scapula,</strong></span> <span class='ocrx_word' id='word_1_114' title='bbox 2310 1866 2505 1925; x_wconf 89' lang='lat' dir='ltr'><strong>iussus</strong></span> <span class='ocrx_word' id='word_1_115' title='bbox 2558 1871 2647 1924; x_wconf 87' lang='lat' dir='ltr'><strong>est</strong></span> 
     </span>
     <span class='ocr_line' id='line_1_15' title="bbox 463 1963 2649 2043; baseline 0 -21"><span class='ocrx_word' id='word_1_116' title='bbox 463 1983 592 2022; x_wconf 85' lang='lat' dir='ltr'><strong>eam</strong></span> <span class='ocrx_word' id='word_1_117' title='bbox 630 1963 814 2036; x_wconf 84' lang='lat' dir='ltr'><strong>Eleis,</strong></span> <span class='ocrx_word' id='word_1_118' title='bbox 863 1965 966 2040; x_wconf 87' lang='lat' dir='ltr'><strong>qui</strong></span> <span class='ocrx_word' id='word_1_119' title='bbox 1006 1965 1161 2023; x_wconf 87' lang='lat' dir='ltr'><strong>forte</strong></span> <span class='ocrx_word' id='word_1_120' title='bbox 1203 1984 1272 2023; x_wconf 91' lang='lat' dir='ltr'><strong>eo</strong></span> <span class='ocrx_word' id='word_1_121' title='bbox 1313 1963 1552 2039; x_wconf 88' lang='lat' dir='ltr'><strong>quidem</strong></span> <span class='ocrx_word' id='word_1_122' title='bbox 1597 1969 1869 2040; x_wconf 87' lang='lat' dir='ltr'><strong>tempore</strong></span> <span class='ocrx_word' id='word_1_123' title='bbox 1918 1985 1955 2022; x_wconf 89' lang='lat' dir='ltr'><strong>a</strong></span> <span class='ocrx_word' id='word_1_124' title='bbox 1996 1963 2107 2022; x_wconf 89' lang='lat' dir='ltr'><strong>deo</strong></span> <span class='ocrx_word' id='word_1_125' title='bbox 2157 1965 2440 2023; x_wconf 78' lang='lat' dir='ltr'><strong>auxilium</strong></span> <span class='ocrx_word' id='word_1_126' title='bbox 2486 1970 2649 2043; x_wconf 88' lang='lat' dir='ltr'><strong>pete·</strong></span> 
     </span>
     <span class='ocr_line' id='line_1_16' title="bbox 461 2051 2651 2143; baseline 0.002 -24"><span class='ocrx_word' id='word_1_127' title='bbox 461 2062 634 2133; x_wconf 88' lang='lat' dir='ltr'><strong>bant,</strong></span> <span class='ocrx_word' id='word_1_128' title='bbox 683 2061 942 2120; x_wconf 86' lang='lat' dir='ltr'><strong>tradere.</strong></span> <span class='ocrx_word' id='word_1_129' title='bbox 1055 2058 1187 2122; x_wconf 84' lang='grc' dir='ltr'><strong>Καὶ</strong></span> <span class='ocrx_word' id='word_1_130' title='bbox 1232 2062 1296 2121; x_wconf 72' lang='grc' dir='ltr'><strong>οἱ</strong></span> <span class='ocrx_word' id='word_1_131' title='bbox 1340 2058 1544 2121; x_wconf 82' lang='grc' dir='ltr'><strong><em>ταῦτα</em></strong></span> <span class='ocrx_word' id='word_1_132' title='bbox 1589 2080 1709 2121; x_wconf 80' lang='grc' dir='ltr'><strong>ποι</strong></span> <span class='ocrx_word' id='word_1_133' title='bbox 1717 2057 1933 2143; x_wconf 80' lang='grc' dir='ltr'><strong><em>η’σαντι</em></strong></span> <span class='ocrx_word' id='word_1_134' title='bbox 1984 2051 2148 2122; x_wconf 77' lang='grc' dir='ltr'><strong><em>ἄλλα</em></strong></span> <span class='ocrx_word' id='word_1_135' title='bbox 2194 2082 2265 2123; x_wconf 86' lang='grc' dir='ltr'><strong>τε</strong></span> <span class='ocrx_word' id='word_1_136' title='bbox 2310 2051 2651 2123; x_wconf 72' lang='grc' dir='ltr'><strong><em>ἀπέδοσαν</em></strong></span> 
     </span>
     <span class='ocr_line' id='line_1_17' title="bbox 465 2149 2647 2246; baseline 0.001 -28"><span class='ocrx_word' id='word_1_137' title='bbox 465 2149 696 2220; x_wconf 82' lang='grc' dir='ltr'><em>Ἠλεῖοι</em></span> <span class='ocrx_word' id='word_1_138' title='bbox 742 2156 854 2220; x_wconf 82' lang='grc' dir='ltr'><strong>καὶ</strong></span> <span class='ocrx_word' id='word_1_139' title='bbox 876 2156 1295 2242; x_wconf 82' lang='grc' dir='ltr'><strong><em>Δαμάρμενόν</em></strong></span> <span class='ocrx_word' id='word_1_140' title='bbox 1338 2179 1409 2220; x_wconf 86' lang='grc' dir='ltr'><strong>τε</strong></span> <span class='ocrx_word' id='word_1_141' title='bbox 1446 2149 1649 2246; x_wconf 28' lang='grc' dir='ltr'><strong><em>,αὐτὸν</em></strong></span> <span class='ocrx_word' id='word_1_142' title='bbox 1692 2157 1803 2220; x_wconf 87' lang='grc' dir='ltr'><strong>καὶ</strong></span> <span class='ocrx_word' id='word_1_143' title='bbox 1848 2149 2207 2240; x_wconf 71' lang='grc' dir='ltr'><em>ἀπογόνους</em></span> <span class='ocrx_word' id='word_1_144' title='bbox 2250 2156 2401 2235; x_wconf 76' lang='grc' dir='ltr'><strong><em>τοὺς</em></strong></span> <span class='ocrx_word' id='word_1_145' title='bbox 2446 2157 2647 2246; x_wconf 74' lang='grc' dir='ltr'><strong><em>φύλα-</em></strong></span> 
     </span>
     <span class='ocr_line' id='line_1_18' title="bbox 461 2246 1420 2341; baseline 0 -24"><span class='ocrx_word' id='word_1_146' title='bbox 461 2277 579 2331; x_wconf 83' lang='grc' dir='ltr'><strong>κας</strong></span> <span class='ocrx_word' id='word_1_147' title='bbox 622 2255 795 2341; x_wconf 80' lang='grc' dir='ltr'><strong><em>σφᾶς</em></strong></span> <span class='ocrx_word' id='word_1_148' title='bbox 838 2247 1001 2318; x_wconf 85' lang='grc' dir='ltr'><strong><em>εἶναι</em></strong></span> <span class='ocrx_word' id='word_1_149' title='bbox 1047 2254 1162 2318; x_wconf 81' lang='grc' dir='ltr'><strong>τοῦ</strong></span> <span class='ocrx_word' id='word_1_150' title='bbox 1209 2246 1420 2318; x_wconf 79' lang='grc' dir='ltr'><strong><em>ὀστοῦ.</em></strong></span> 
     </span>
    </p>

    <p class='ocr_par' dir='ltr' id='par_1_3' title="bbox 459 2354 2652 3516">
     <span class='ocr_line' id='line_1_19' title="bbox 640 2354 2644 2433; baseline 0 -19"><span class='ocrx_word' id='word_1_151' title='bbox 640 2356 756 2414; x_wconf 86' lang='lat' dir='ltr'><strong>His</strong></span> <span class='ocrx_word' id='word_1_152' title='bbox 799 2357 1050 2416; x_wconf 86' lang='lat' dir='ltr'><strong>maxime</strong></span> <span class='ocrx_word' id='word_1_153' title='bbox 1091 2354 1456 2433; x_wconf 88' lang='lat' dir='ltr'><strong>adiungendi</strong></span> <span class='ocrx_word' id='word_1_154' title='bbox 1497 2360 1637 2415; x_wconf 88' lang='lat' dir='ltr'><strong>sunt</strong></span> <span class='ocrx_word' id='word_1_155' title='bbox 1665 2356 1757 2414; x_wconf 90' lang='lat' dir='ltr'><strong>illi</strong></span> <span class='ocrx_word' id='word_1_156' title='bbox 1786 2356 2144 2416; x_wconf 84' lang='lat' dir='ltr'><strong>familiarum</strong></span> <span class='ocrx_word' id='word_1_157' title='bbox 2184 2361 2475 2428; x_wconf 76' lang='lat' dir='ltr'><strong>auctore8‚</strong></span> <span class='ocrx_word' id='word_1_158' title='bbox 2521 2357 2644 2432; x_wconf 89' lang='lat' dir='ltr'><strong>qui,</strong></span> 
     </span>
     <span class='ocr_line' id='line_1_20' title="bbox 465 2454 2649 2533; baseline 0.001 -22"><span class='ocrx_word' id='word_1_159' title='bbox 465 2474 594 2511; x_wconf 91' lang='lat' dir='ltr'><strong>cum</strong></span> <span class='ocrx_word' id='word_1_160' title='bbox 634 2454 711 2512; x_wconf 91' lang='lat' dir='ltr'><strong>ad</strong></span> <span class='ocrx_word' id='word_1_161' title='bbox 754 2474 852 2513; x_wconf 92' lang='lat' dir='ltr'><strong>eos</strong></span> <span class='ocrx_word' id='word_1_162' title='bbox 895 2455 972 2513; x_wconf 92' lang='lat' dir='ltr'><strong>ob</strong></span> <span class='ocrx_word' id='word_1_163' title='bbox 1013 2454 1376 2530; x_wconf 87' lang='lat' dir='ltr'><strong>singularem</strong></span> <span class='ocrx_word' id='word_1_164' title='bbox 1417 2474 1622 2512; x_wconf 90' lang='lat' dir='ltr'><strong>eorum</strong></span> <span class='ocrx_word' id='word_1_165' title='bbox 1670 2455 1955 2532; x_wconf 83' lang='lat' dir='ltr'><strong>pietatem</strong></span> <span class='ocrx_word' id='word_1_166' title='bbox 1994 2454 2079 2512; x_wconf 91' lang='lat' dir='ltr'><strong>dii</strong></span> <span class='ocrx_word' id='word_1_167' title='bbox 2123 2454 2449 2514; x_wconf 85' lang='lat' dir='ltr'><strong>devertisse</strong></span> <span class='ocrx_word' id='word_1_168' title='bbox 2479 2461 2649 2533; x_wconf 83' lang='lat' dir='ltr'><strong>puta-</strong></span> 
     </span>
     <span class='ocr_line' id='line_1_21' title="bbox 468 2552 2652 2630; baseline 0.001 -21"><span class='ocrx_word' id='word_1_169' title='bbox 468 2557 691 2625; x_wconf 86' lang='lat' dir='ltr'><strong>rentur,</strong></span> <span class='ocrx_word' id='word_1_170' title='bbox 744 2554 808 2609; x_wconf 92' lang='lat' dir='ltr'><strong>in</strong></span> <span class='ocrx_word' id='word_1_171' title='bbox 849 2552 1096 2612; x_wconf 89' lang='lat' dir='ltr'><strong>heroum</strong></span> <span class='ocrx_word' id='word_1_172' title='bbox 1137 2573 1382 2612; x_wconf 88' lang='lat' dir='ltr'><strong>numero</strong></span> <span class='ocrx_word' id='word_1_173' title='bbox 1425 2553 1816 2611; x_wconf 86' lang='lat' dir='ltr'><strong>habebantur.</strong></span> <span class='ocrx_word' id='word_1_174' title='bbox 1909 2552 2017 2610; x_wconf 88' lang='lat' dir='ltr'><strong>Dii</strong></span> <span class='ocrx_word' id='word_1_175' title='bbox 2055 2553 2211 2612; x_wconf 87' lang='lat' dir='ltr'><strong>enim</strong></span> <span class='ocrx_word' id='word_1_176' title='bbox 2250 2553 2356 2625; x_wconf 86' lang='lat' dir='ltr'><strong>illi,</strong></span> <span class='ocrx_word' id='word_1_177' title='bbox 2400 2574 2547 2630; x_wconf 89' lang='lat' dir='ltr'><strong>quos</strong></span> <span class='ocrx_word' id='word_1_178' title='bbox 2588 2555 2652 2612; x_wconf 91' lang='lat' dir='ltr'><strong>hi</strong></span> 
     </span>
     <span class='ocr_line' id='line_1_22' title="bbox 470 2649 2649 2729; baseline 0.001 -22"><span class='ocrx_word' id='word_1_179' title='bbox 470 2649 720 2709; x_wconf 89' lang='lat' dir='ltr'><strong>maiores</strong></span> <span class='ocrx_word' id='word_1_180' title='bbox 769 2655 1131 2728; x_wconf 86' lang='lat' dir='ltr'><strong>exceperant</strong></span> <span class='ocrx_word' id='word_1_181' title='bbox 1179 2670 1549 2728; x_wconf 89' lang='lat' dir='ltr'><strong>quorumque</strong></span> <span class='ocrx_word' id='word_1_182' title='bbox 1597 2652 1779 2729; x_wconf 89' lang='lat' dir='ltr'><strong>primi</strong></span> <span class='ocrx_word' id='word_1_183' title='bbox 1819 2651 2155 2711; x_wconf 82' lang='lat' dir='ltr'><strong>sacerdotes</strong></span> <span class='ocrx_word' id='word_1_184' title='bbox 2198 2671 2328 2709; x_wconf 88' lang='lat' dir='ltr'><strong>esse</strong></span> <span class='ocrx_word' id='word_1_185' title='bbox 2370 2651 2649 2712; x_wconf 85' lang='lat' dir='ltr'><strong>videban-</strong></span> 
     </span>
     <span class='ocr_line' id='line_1_23' title="bbox 462 2745 2649 2834; baseline 0.003 -30"><span class='ocrx_word' id='word_1_186' title='bbox 462 2751 588 2820; x_wconf 88' lang='lat' dir='ltr'><strong>tur,</strong></span> <span class='ocrx_word' id='word_1_187' title='bbox 649 2753 860 2826; x_wconf 84' lang='lat' dir='ltr'><strong>postea</strong></span> <span class='ocrx_word' id='word_1_188' title='bbox 915 2770 951 2808; x_wconf 87' lang='lat' dir='ltr'><strong>a</strong></span> <span class='ocrx_word' id='word_1_189' title='bbox 1005 2749 1244 2808; x_wconf 84' lang='lat' dir='ltr'><strong>familiis</strong></span> <span class='ocrx_word' id='word_1_190' title='bbox 1292 2769 1404 2827; x_wconf 87' lang='lat' dir='ltr'><strong>pro</strong></span> <span class='ocrx_word' id='word_1_191' title='bbox 1446 2750 1631 2822; x_wconf 72' lang='grc' dir='ltr'><em>θεοῖς</em></span> <span class='ocrx_word' id='word_1_192' title='bbox 1676 2745 2011 2834; x_wconf 75' lang='grc' dir='ltr'><strong><em>πατρῴοις</em></strong></span> <span class='ocrx_word' id='word_1_193' title='bbox 2055 2749 2423 2809; x_wconf 86' lang='lat' dir='ltr'><strong>colebantur.</strong></span> <span class='ocrx_word' id='word_1_194' title='bbox 2518 2751 2649 2811; x_wconf 87' lang='lat' dir='ltr'><strong>Hos</strong></span> 
     </span>
     <span class='ocr_line' id='line_1_24' title="bbox 465 2845 2646 2922; baseline 0.003 -20"><span class='ocrx_word' id='word_1_195' title='bbox 465 2845 652 2922; x_wconf 87' lang='lat' dir='ltr'><strong>igitur</strong></span> <span class='ocrx_word' id='word_1_196' title='bbox 708 2866 828 2904; x_wconf 92' lang='lat' dir='ltr'><strong>non</strong></span> <span class='ocrx_word' id='word_1_197' title='bbox 887 2848 1078 2906; x_wconf 89' lang='lat' dir='ltr'><strong>solum</strong></span> <span class='ocrx_word' id='word_1_198' title='bbox 1135 2868 1204 2905; x_wconf 89' lang='lat' dir='ltr'><strong>ea</strong></span> <span class='ocrx_word' id='word_1_199' title='bbox 1258 2847 1333 2905; x_wconf 94' lang='lat' dir='ltr'><strong>de</strong></span> <span class='ocrx_word' id='word_1_200' title='bbox 1388 2868 1566 2908; x_wconf 89' lang='lat' dir='ltr'><strong>causa</strong></span> <span class='ocrx_word' id='word_1_201' title='bbox 1618 2849 1779 2906; x_wconf 88' lang='lat' dir='ltr'><strong>inter</strong></span> <span class='ocrx_word' id='word_1_202' title='bbox 1832 2848 2045 2908; x_wconf 84' lang='lat' dir='ltr'><strong>heroas</strong></span> <span class='ocrx_word' id='word_1_203' title='bbox 2085 2853 2461 2909; x_wconf 88' lang='lat' dir='ltr'><strong>consecratos</strong></span> <span class='ocrx_word' id='word_1_204' title='bbox 2501 2871 2646 2922; x_wconf 82' lang='lat' dir='ltr'><strong>esse,</strong></span> 
     </span>
     <span class='ocr_line' id='line_1_25' title="bbox 465 2943 2649 3024; baseline 0.003 -23"><span class='ocrx_word' id='word_1_205' title='bbox 465 2943 626 3020; x_wconf 90' lang='lat' dir='ltr'><strong>quod</strong></span> <span class='ocrx_word' id='word_1_206' title='bbox 658 2949 856 3003; x_wconf 84' lang='lat' dir='ltr'><strong>essent</strong></span> <span class='ocrx_word' id='word_1_207' title='bbox 884 2946 1150 3022; x_wconf 89' lang='lat' dir='ltr'><strong>gentium</strong></span> <span class='ocrx_word' id='word_1_208' title='bbox 1194 2946 1670 3024; x_wconf 86' lang='lat' dir='ltr'><strong>familiarumque</strong></span> <span class='ocrx_word' id='word_1_209' title='bbox 1710 2951 2002 3019; x_wconf 86' lang='lat' dir='ltr'><strong>auctores,</strong></span> <span class='ocrx_word' id='word_1_210' title='bbox 2047 2967 2194 3024; x_wconf 88' lang='lat' dir='ltr'><strong>quos</strong></span> <span class='ocrx_word' id='word_1_211' title='bbox 2235 2968 2437 3006; x_wconf 88' lang='lat' dir='ltr'><strong>omnes</strong></span> <span class='ocrx_word' id='word_1_212' title='bbox 2468 2946 2649 3008; x_wconf 85' lang='lat' dir='ltr'><strong>Grae-</strong></span> 
     </span>
     <span class='ocr_line' id='line_1_26' title="bbox 463 3043 2648 3124; baseline 0.003 -25"><span class='ocrx_word' id='word_1_213' title='bbox 463 3061 563 3100; x_wconf 89' lang='lat' dir='ltr'><strong>cos</strong></span> <span class='ocrx_word' id='word_1_214' title='bbox 619 3061 808 3119; x_wconf 88' lang='lat' dir='ltr'><strong>usque</strong></span> <span class='ocrx_word' id='word_1_215' title='bbox 866 3063 1101 3120; x_wconf 89' lang='lat' dir='ltr'><strong>quaque</strong></span> <span class='ocrx_word' id='word_1_216' title='bbox 1152 3043 1403 3103; x_wconf 87' lang='lat' dir='ltr'><strong>coluisse</strong></span> <span class='ocrx_word' id='word_1_217' title='bbox 1453 3049 1547 3102; x_wconf 89' lang='lat' dir='ltr'><strong>sat</strong></span> <span class='ocrx_word' id='word_1_218' title='bbox 1587 3049 1841 3117; x_wconf 86' lang='lat' dir='ltr'><strong>constat,</strong></span> <span class='ocrx_word' id='word_1_219' title='bbox 1886 3045 1991 3103; x_wconf 90' lang='lat' dir='ltr'><strong>sed</strong></span> <span class='ocrx_word' id='word_1_220' title='bbox 2030 3046 2230 3122; x_wconf 88' lang='lat' dir='ltr'><strong>potius</strong></span> <span class='ocrx_word' id='word_1_221' title='bbox 2271 3047 2410 3122; x_wconf 90' lang='lat' dir='ltr'><strong>quia</strong></span> <span class='ocrx_word' id='word_1_222' title='bbox 2450 3048 2648 3124; x_wconf 87' lang='lat' dir='ltr'><strong>singu-</strong></span> 
     </span>
     <span class='ocr_line' id='line_1_27' title="bbox 461 3140 2651 3218; baseline 0.003 -22"><span class='ocrx_word' id='word_1_223' title='bbox 461 3140 648 3197; x_wconf 87' lang='lat' dir='ltr'><strong>larem</strong></span> <span class='ocrx_word' id='word_1_224' title='bbox 691 3141 752 3198; x_wconf 91' lang='lat' dir='ltr'><strong>in</strong></span> <span class='ocrx_word' id='word_1_225' title='bbox 793 3141 1031 3200; x_wconf 90' lang='lat' dir='ltr'><strong>modum</strong></span> <span class='ocrx_word' id='word_1_226' title='bbox 1074 3142 1322 3202; x_wconf 89' lang='lat' dir='ltr'><strong>deorum</strong></span> <span class='ocrx_word' id='word_1_227' title='bbox 1363 3142 1639 3218; x_wconf 83' lang='lat' dir='ltr'><strong>religioni</strong></span> <span class='ocrx_word' id='word_1_228' title='bbox 1678 3163 1742 3201; x_wconf 88' lang='lat' dir='ltr'><strong>se</strong></span> <span class='ocrx_word' id='word_1_229' title='bbox 1784 3142 2086 3216; x_wconf 87' lang='lat' dir='ltr'><strong>dederent,</strong></span> <span class='ocrx_word' id='word_1_230' title='bbox 2130 3164 2261 3202; x_wconf 92' lang='lat' dir='ltr'><strong>cum</strong></span> <span class='ocrx_word' id='word_1_231' title='bbox 2300 3146 2489 3204; x_wconf 86' lang='lat' dir='ltr'><strong>multa</strong></span> <span class='ocrx_word' id='word_1_232' title='bbox 2534 3146 2651 3203; x_wconf 90' lang='lat' dir='ltr'><strong>alia</strong></span> 
     </span>
     <span class='ocr_line' id='line_1_28' title="bbox 459 3235 2648 3325; baseline 0.005 -31"><span class='ocrx_word' id='word_1_233' title='bbox 459 3239 802 3298; x_wconf 84' lang='lat' dir='ltr'><strong>testimonia</strong></span> <span class='ocrx_word' id='word_1_234' title='bbox 839 3240 1100 3316; x_wconf 86' lang='lat' dir='ltr'><strong>probant</strong></span> <span class='ocrx_word' id='word_1_235' title='bbox 1116 3235 1195 3320; x_wconf 78' lang='lat'><strong>8),</strong></span> <span class='ocrx_word' id='word_1_236' title='bbox 1255 3245 1383 3298; x_wconf 87' lang='lat' dir='ltr'><strong>tum</strong></span> <span class='ocrx_word' id='word_1_237' title='bbox 1422 3241 1713 3318; x_wconf 85' lang='lat' dir='ltr'><strong>imprimis</strong></span> <span class='ocrx_word' id='word_1_238' title='bbox 1753 3242 1901 3300; x_wconf 89' lang='lat' dir='ltr'><strong>illud</strong></span> <span class='ocrx_word' id='word_1_239' title='bbox 1958 3235 2335 3325; x_wconf 78' lang='grc' dir='ltr'><strong><em>ἐπίγραμμα</em></strong></span> <span class='ocrx_word' id='word_1_240' title='bbox 2381 3237 2648 3323; x_wconf 75' lang='grc' dir='ltr'><strong><em>ἐπιτύμ-</em></strong></span> 
     </span>
     <span class='ocr_line' id='line_1_29' title="bbox 460 3336 2650 3421; baseline 0.003 -27"><span class='ocrx_word' id='word_1_241' title='bbox 460 3337 617 3415; x_wconf 82' lang='grc' dir='ltr'><strong><em>βιον,</em></strong></span> <span class='ocrx_word' id='word_1_242' title='bbox 663 3337 821 3413; x_wconf 88' lang='lat' dir='ltr'><strong>quod</strong></span> <span class='ocrx_word' id='word_1_243' title='bbox 860 3337 934 3396; x_wconf 89' lang='lat' dir='ltr'><strong>de</strong></span> <span class='ocrx_word' id='word_1_244' title='bbox 964 3338 1222 3415; x_wconf 83' lang='lat' dir='ltr'><strong>Phytalo</strong></span> <span class='ocrx_word' id='word_1_245' title='bbox 1254 3339 1711 3415; x_wconf 86' lang='lat' dir='ltr'><strong>Phytalidarum</strong></span> <span class='ocrx_word' id='word_1_246' title='bbox 1752 3340 1949 3416; x_wconf 88' lang='lat' dir='ltr'><strong>gentis</strong></span> <span class='ocrx_word' id='word_1_247' title='bbox 1982 3348 2224 3400; x_wconf 88' lang='lat' dir='ltr'><strong>auctore</strong></span> <span class='ocrx_word' id='word_1_248' title='bbox 2242 3336 2289 3421; x_wconf 70' lang='grc'><strong>4)</strong></span> <span class='ocrx_word' id='word_1_249' title='bbox 2321 3341 2650 3401; x_wconf 82' lang='lat' dir='ltr'><strong>Pausanias</strong></span> 
     </span>
     <span class='ocr_line' id='line_1_30' title="bbox 465 3433 1337 3516; baseline 0.006 -25"><span class='ocrx_word' id='word_1_250' title='bbox 465 3433 535 3512; x_wconf 86' lang='grc' dir='ltr'><strong>(Ι,</strong></span> <span class='ocrx_word' id='word_1_251' title='bbox 585 3453 686 3512; x_wconf 90' lang='lat'><strong>37,</strong></span> <span class='ocrx_word' id='word_1_252' title='bbox 736 3437 796 3516; x_wconf 88' lang='lat'><strong>2)</strong></span> <span class='ocrx_word' id='word_1_253' title='bbox 838 3436 1008 3495; x_wconf 86' lang='lat' dir='ltr'><strong>nobis</strong></span> <span class='ocrx_word' id='word_1_254' title='bbox 1049 3437 1337 3496; x_wconf 86' lang='lat' dir='ltr'><strong>servavit:</strong></span> 
     </span>
    </p>
   </div>
   <div class='ocr_carea' id='block_1_3' title="bbox 652 3547 2474 3944">
    <p class='ocr_par' dir='ltr' id='par_1_4' title="bbox 652 3547 2474 3842">
     <span class='ocr_line' id='line_1_31' title="bbox 688 3547 2474 3650; baseline 0.004 -30"><span class='ocrx_word' id='word_1_255' title='bbox 688 3547 953 3620; x_wconf 59' lang='lat' dir='ltr'><strong>&#39;EvSa‘d&#39;</strong></span> <span class='ocrx_word' id='word_1_256' title='bbox 1000 3551 1162 3638; x_wconf 74' lang='grc' dir='ltr'><strong><em>ἅναξ</em></strong></span> <span class='ocrx_word' id='word_1_257' title='bbox 1208 3550 1374 3645; x_wconf 72' lang='grc' dir='ltr'><strong><em>ἥρως</em></strong></span> <span class='ocrx_word' id='word_1_258' title='bbox 1425 3559 1719 3637; x_wconf 80' lang='grc' dir='ltr'><strong><em>Φύταλός</em></strong></span> <span class='ocrx_word' id='word_1_259' title='bbox 1763 3583 1929 3625; x_wconf 81' lang='grc' dir='ltr'><strong><em>ποτε</em></strong></span> <span class='ocrx_word' id='word_1_260' title='bbox 1975 3559 2205 3642; x_wconf 79' lang='grc' dir='ltr'><strong><em>δέξατο</em></strong></span> <span class='ocrx_word' id='word_1_261' title='bbox 2251 3560 2474 3650; x_wconf 71' lang='grc' dir='ltr'><strong><em>σεμνὴν</em></strong></span> 
     </span>
     <span class='ocr_line' id='line_1_32' title="bbox 652 3648 2409 3748; baseline 0.004 -30"><span class='ocrx_word' id='word_1_262' title='bbox 652 3653 1046 3743; x_wconf 78' lang='grc' dir='ltr'><strong><em>’Δήμητραν,</em></strong></span> <span class='ocrx_word' id='word_1_263' title='bbox 1096 3648 1204 3721; x_wconf 76' lang='grc' dir='ltr'><strong>ὅτε</strong></span> <span class='ocrx_word' id='word_1_264' title='bbox 1250 3657 1509 3743; x_wconf 80' lang='grc' dir='ltr'><strong><em>πρῶτον</em></strong></span> <span class='ocrx_word' id='word_1_265' title='bbox 1554 3650 1821 3745; x_wconf 77' lang='grc' dir='ltr'><strong><em>ὀπώρας</em></strong></span> <span class='ocrx_word' id='word_1_266' title='bbox 1867 3657 2121 3746; x_wconf 80' lang='grc' dir='ltr'><strong><em>καρπὸν</em></strong></span> <span class='ocrx_word' id='word_1_267' title='bbox 2166 3657 2409 3748; x_wconf 72' lang='grc' dir='ltr'><strong><em>ἔφηνεν,</em></strong></span> 
     </span>
     <span class='ocr_line' id='line_1_33' title="bbox 685 3749 2202 3842; baseline 0.003 -24"><span class='ocrx_word' id='word_1_268' title='bbox 685 3749 760 3840; x_wconf 82' lang='grc' dir='ltr'><strong>ἢν</strong></span> <span class='ocrx_word' id='word_1_269' title='bbox 805 3753 978 3841; x_wconf 80' lang='grc' dir='ltr'><strong><em>ἱερὰν</em></strong></span> <span class='ocrx_word' id='word_1_270' title='bbox 1022 3757 1211 3842; x_wconf 83' lang='grc' dir='ltr'><strong><em>συκῆν</em></strong></span> <span class='ocrx_word' id='word_1_271' title='bbox 1256 3757 1514 3842; x_wconf 80' lang='grc' dir='ltr'><strong><em>θνητῶν</em></strong></span> <span class='ocrx_word' id='word_1_272' title='bbox 1558 3761 1736 3840; x_wconf 79' lang='grc' dir='ltr'><strong><em>γένος</em></strong></span> <span class='ocrx_word' id='word_1_273' title='bbox 1782 3755 2152 3841; x_wconf 78' lang='grc' dir='ltr'><strong><em>ἕξονομάζει</em></strong></span> <span class='ocrx_word' id='word_1_274' title='bbox 2188 3781 2202 3796; x_wconf 88' lang='grc'><em>·</em></span> 
     </span>
    </p>

    <p class='ocr_par' dir='ltr' id='par_1_5' title="bbox 687 3841 2351 3944">
     <span class='ocr_line' id='line_1_34' title="bbox 687 3841 2351 3944; baseline 0.005 -29"><span class='ocrx_word' id='word_1_275' title='bbox 687 3849 757 3931; x_wconf 74' lang='grc' dir='ltr'><strong>ἐξ</strong></span> <span class='ocrx_word' id='word_1_276' title='bbox 803 3841 877 3916; x_wconf 81' lang='grc' dir='ltr'><strong>οὗ</strong></span> <span class='ocrx_word' id='word_1_277' title='bbox 923 3851 999 3942; x_wconf 79' lang='grc' dir='ltr'><strong>δὴ</strong></span> <span class='ocrx_word' id='word_1_278' title='bbox 1047 3852 1240 3937; x_wconf 82' lang='grc' dir='ltr'><strong><em>τιμὰς</em></strong></span> <span class='ocrx_word' id='word_1_279' title='bbox 1292 3854 1584 3920; x_wconf 84' lang='grc' dir='ltr'><strong><em>Φυτάλου</em></strong></span> <span class='ocrx_word' id='word_1_280' title='bbox 1629 3859 1809 3940; x_wconf 79' lang='grc' dir='ltr'><strong><em>γένος</em></strong></span> <span class='ocrx_word' id='word_1_281' title='bbox 1855 3853 2034 3939; x_wconf 75' lang='grc' dir='ltr'><strong><em>ἔσχεν</em></strong></span> <span class='ocrx_word' id='word_1_282' title='bbox 2079 3849 2351 3944; x_wconf 73' lang='grc' dir='ltr'><strong><em>ἀγήρως.</em></strong></span> 
     </span>
    </p>
   </div>
   <div class='ocr_carea' id='block_1_4' title="bbox 466 3987 890 3999">
    <p class='ocr_par' dir='ltr' id='par_1_6' title="bbox 466 3987 890 3999">
     <span class='ocr_line' id='line_1_35' title="bbox 466 3987 890 3999; baseline 0 1393"><span class='ocrx_word' id='word_1_283' title='bbox 466 3987 890 3999; x_wconf 95' lang='lat' dir='ltr'><strong> </strong></span> 
     </span>
    </p>
   </div>
   <div class='ocr_carea' id='block_1_5' title="bbox 462 4045 2650 4281">
    <p class='ocr_par' dir='ltr' id='par_1_7' title="bbox 462 4045 2650 4281">
     <span class='ocr_line' id='line_1_36' title="bbox 613 4045 1943 4124; baseline 0.002 -23"><span class='ocrx_word' id='word_1_284' title='bbox 613 4047 656 4118; x_wconf 87' lang='lat'><strong>¹)</strong></span> <span class='ocrx_word' id='word_1_285' title='bbox 692 4045 964 4117; x_wconf 77' lang='lat' dir='ltr'><strong>Hesych.:</strong></span> <span class='ocrx_word' id='word_1_286' title='bbox 1005 4047 1324 4124; x_wconf 76' lang='grc' dir='ltr'><strong><em>Κινυράδαι</em></strong></span> <span class='ocrx_word' id='word_1_287' title='bbox 1362 4070 1375 4084; x_wconf 85' lang='grc'><em>·</em></span> <span class='ocrx_word' id='word_1_288' title='bbox 1417 4053 1576 4124; x_wconf 72' lang='grc' dir='ltr'><strong><em>ἱερεῖς</em></strong></span> <span class='ocrx_word' id='word_1_289' title='bbox 1608 4047 1943 4124; x_wconf 68' lang='grc' dir='ltr'><strong><em>Ἀφροδίτης.</em></strong></span> 
     </span>
     <span class='ocr_line' id='line_1_37' title="bbox 609 4125 2650 4206; baseline 0.004 -25"><span class='ocrx_word' id='word_1_290' title='bbox 609 4125 655 4197; x_wconf 73' lang='lat'><strong>²)</strong></span> <span class='ocrx_word' id='word_1_291' title='bbox 693 4126 776 4182; x_wconf 80' lang='lat' dir='ltr'><strong>cf.</strong></span> <span class='ocrx_word' id='word_1_292' title='bbox 813 4127 1312 4198; x_wconf 83' lang='lat' dir='ltr'><strong>Hermann-Stark,</strong></span> <span class='ocrx_word' id='word_1_293' title='bbox 1359 4130 1512 4187; x_wconf 74' lang='lat' dir='ltr'><strong>Gott.</strong></span> <span class='ocrx_word' id='word_1_294' title='bbox 1551 4131 1669 4188; x_wconf 72' lang='lat' dir='ltr'><strong>Aet.</strong></span> <span class='ocrx_word' id='word_1_295' title='bbox 1704 4134 1737 4204; x_wconf 61' lang='grc' dir='ltr'><strong>ξ</strong></span> <span class='ocrx_word' id='word_1_296' title='bbox 1777 4149 1859 4200; x_wconf 83' lang='grc'><strong>34,</strong></span> <span class='ocrx_word' id='word_1_297' title='bbox 1906 4137 1982 4189; x_wconf 82' lang='grc'><strong>18.</strong></span> <span class='ocrx_word' id='word_1_298' title='bbox 2059 4134 2118 4190; x_wconf 90' lang='lat' dir='ltr'><strong>C.</strong></span> <span class='ocrx_word' id='word_1_299' title='bbox 2161 4134 2309 4202; x_wconf 87' lang='lat' dir='ltr'><strong>Keil,</strong></span> <span class='ocrx_word' id='word_1_300' title='bbox 2360 4135 2650 4206; x_wconf 73' lang='lat' dir='ltr'><strong>specimen</strong></span> 
     </span>
     <span class='ocr_line' id='line_1_38' title="bbox 462 4209 1248 4281; baseline 0.006 -21"><span class='ocrx_word' id='word_1_301' title='bbox 462 4209 761 4263; x_wconf 89' lang='lat' dir='ltr'><strong>onomatol.</strong></span> <span class='ocrx_word' id='word_1_302' title='bbox 837 4209 1033 4264; x_wconf 84' lang='lat' dir='ltr'><strong>Graec.</strong></span> <span class='ocrx_word' id='word_1_303' title='bbox 1069 4229 1123 4281; x_wconf 88' lang='lat' dir='ltr'><strong>p.</strong></span> <span class='ocrx_word' id='word_1_304' title='bbox 1165 4226 1248 4277; x_wconf 85' lang='lat'><strong>30.</strong></span> 
     </span>
    </p>
   </div>
   <div class='ocr_carea' id='block_1_6' title="bbox 609 4288 2649 4450">
    <p class='ocr_par' dir='ltr' id='par_1_8' title="bbox 609 4288 2649 4450">
     <span class='ocr_line' id='line_1_39' title="bbox 613 4288 2577 4369; baseline 0.005 -26"><span class='ocrx_word' id='word_1_305' title='bbox 613 4289 657 4360; x_wconf 83' lang='lat'><strong>⁸)</strong></span> <span class='ocrx_word' id='word_1_306' title='bbox 695 4288 783 4344; x_wconf 92' lang='lat' dir='ltr'><strong>De</strong></span> <span class='ocrx_word' id='word_1_307' title='bbox 819 4289 1072 4360; x_wconf 82' lang='lat' dir='ltr'><strong>hospitiis</strong></span> <span class='ocrx_word' id='word_1_308' title='bbox 1109 4291 1310 4346; x_wconf 86' lang='lat' dir='ltr'><strong>divinis</strong></span> <span class='ocrx_word' id='word_1_309' title='bbox 1346 4293 1416 4348; x_wconf 89' lang='lat' dir='ltr'><strong>cf.</strong></span> <span class='ocrx_word' id='word_1_310' title='bbox 1456 4293 1740 4363; x_wconf 87' lang='lat' dir='ltr'><strong>Deneken,</strong></span> <span class='ocrx_word' id='word_1_311' title='bbox 1777 4295 1863 4350; x_wconf 93' lang='lat' dir='ltr'><strong>De</strong></span> <span class='ocrx_word' id='word_1_312' title='bbox 1902 4295 2248 4351; x_wconf 79' lang='lat' dir='ltr'><strong>Theoxeniis.</strong></span> <span class='ocrx_word' id='word_1_313' title='bbox 2322 4297 2456 4369; x_wconf 87' lang='lat' dir='ltr'><strong>Cap.</strong></span> <span class='ocrx_word' id='word_1_314' title='bbox 2494 4298 2577 4354; x_wconf 93' lang='grc' dir='ltr'><strong>ΙΙ.</strong></span> 
     </span>
     <span class='ocr_line' id='line_1_40' title="bbox 609 4368 2649 4450; baseline 0.006 -27"><span class='ocrx_word' id='word_1_315' title='bbox 609 4368 657 4438; x_wconf 82' lang='lat'><strong>⁴)</strong></span> <span class='ocrx_word' id='word_1_316' title='bbox 695 4368 781 4425; x_wconf 94' lang='lat' dir='ltr'><strong>De</strong></span> <span class='ocrx_word' id='word_1_317' title='bbox 805 4368 1117 4440; x_wconf 82' lang='lat' dir='ltr'><strong>Phytalidis</strong></span> <span class='ocrx_word' id='word_1_318' title='bbox 1154 4370 1222 4426; x_wconf 87' lang='lat' dir='ltr'><strong>cf.</strong></span> <span class='ocrx_word' id='word_1_319' title='bbox 1261 4371 1324 4426; x_wconf 92' lang='grc' dir='ltr'><strong>Ο.</strong></span> <span class='ocrx_word' id='word_1_320' title='bbox 1359 4372 1578 4440; x_wconf 81' lang='lat' dir='ltr'><strong>Miiller‚</strong></span> <span class='ocrx_word' id='word_1_321' title='bbox 1617 4375 1878 4448; x_wconf 75' lang='lat' dir='ltr'><strong>Proleyy.</strong></span> <span class='ocrx_word' id='word_1_322' title='bbox 1909 4394 1955 4432; x_wconf 79' lang='lat' dir='ltr'><strong>z.</strong></span> <span class='ocrx_word' id='word_1_323' title='bbox 1983 4395 2026 4432; x_wconf 85' lang='lat' dir='ltr'><strong>e.</strong></span> <span class='ocrx_word' id='word_1_324' title='bbox 2052 4378 2202 4434; x_wconf 70' lang='lat' dir='ltr'><strong>wisc.</strong></span> <span class='ocrx_word' id='word_1_325' title='bbox 2229 4377 2410 4449; x_wconf 74' lang='lat' dir='ltr'><strong>Myth.</strong></span> <span class='ocrx_word' id='word_1_326' title='bbox 2445 4397 2501 4450; x_wconf 90' lang='lat' dir='ltr'><strong>p.</strong></span> <span class='ocrx_word' id='word_1_327' title='bbox 2530 4393 2649 4447; x_wconf 84' lang='lat'>272.</span> 
     </span>
    </p>
   </div>
  </div>
 </body>
</html>
