3325 5392
1708 511 1785 576 28

653 675 1010 745 colerentur,
1059 673 1136 732 ad
1167 674 1444 751 sepulcra
1473 673 1799 731 honoratos
1831 693 1977 745 esse,
2014 678 2075 732 et
2104 673 2345 750 quidem
2386 679 2455 732 ut
2492 673 2834 752 praeclaros

652 777 938 843 mol-tuoe,
987 792 1108 834 non
1151 777 1222 831 ut
1265 772 1474 830 beatos
1519 772 1829 832 semideos.

830 869 950 929 Sed
993 875 1368 930 revertamur
1411 870 1489 928 ad
1519 871 1868 943 Hesiodum,
1917 872 2075 930 unde
2120 869 2365 928 deflexit
2406 869 2619 930 oratio.
2698 868 2834 928 Non

651 970 713 1026 in
759 974 1016 1028 mentem
1061 969 1207 1026 mihi
1249 970 1416 1027 venit
1459 990 1645 1030 novas
1678 971 1898 1030 addere
1930 971 2301 1030 coniecturas
2342 987 2547 1027 earum
2578 966 2829 1038 cumulo,

652 1087 806 1143 quae
849 1069 968 1126 iam
1012 1068 1109 1128 vel
1155 1067 1511 1127 doctissimis
1559 1090 1596 1127 a
1644 1070 1792 1129 viris
1810 1065 1859 1146 ²)
1918 1070 2191 1147 prolatae
2248 1072 2389 1126 sunt
2448 1066 2521 1124 de
2580 1064 2829 1137 ratione,

653 1185 773 1241 qua
801 1166 1048 1225 heroum
1087 1167 1309 1225 mentio
1347 1165 1620 1226 humanis
1659 1168 1957 1226 aetatibus
1988 1172 2050 1226 et
2078 1165 2318 1242 quidem
2356 1186 2445 1238 eo,
2489 1184 2609 1241 quo
2648 1169 2830 1236 extat,

649 1263 799 1335 1000,
841 1264 1069 1322 inserta
1098 1265 1200 1324 sit:
1237 1285 1474 1343 semper
1505 1271 1683 1325 erunt
1712 1266 2106 1338 coniecturae,
2150 1285 2305 1342 quae
2348 1264 2487 1324 huic
2534 1265 2831 1342 placeant,

651 1362 1010 1441 displiceant
1054 1364 1168 1436 illi3
1230 1362 1294 1421 id
1341 1367 1576 1422 tantum
1623 1386 1737 1443 pro
1788 1368 1952 1423 certo
2002 1363 2383 1423 statuendum
2431 1367 2522 1421 est
2566 1363 2721 1422 hanc
2758 1361 2833 1420 de

649 1461 929 1520 heroibus
980 1462 1337 1520 sententiam
1385 1463 1448 1520 in
1497 1464 1786 1540 primaria
1832 1464 2073 1522 illarum
2120 1466 2384 1520 aetatum
2432 1460 2833 1539 descriptione

649 1561 846 1618 locum
916 1579 1037 1618 non
1099 1559 1400 1632 habuisse,
1479 1560 1585 1620 sed
1636 1566 1766 1621 tum
1830 1560 2069 1637 quidem
2132 1579 2265 1618 cum
2328 1578 2398 1617 ea
2458 1561 2834 1618 coniunctam

649 1678 778 1716 esse
833 1692 927 1704 —-
997 1659 1140 1717 licet
1209 1658 1531 1718 habeamus
1604 1679 1737 1718 cum
1800 1658 2053 1718 Lehrsio
2126 1658 2389 1733 quinque
2460 1657 2833 1716 recensiones

649 1761 754 1815 aut
790 1777 922 1815 cum
953 1757 1088 1815 aliis
1118 1756 1294 1815 unius
1335 1761 1550 1834 poetae
1589 1757 1995 1817 redactionem
2026 1791 2131 1828 --,
2168 1776 2301 1814 cum
2341 1757 2605 1816 carmina
2642 1757 2829 1834 epica,

650 1854 864 1931 quibus
905 1875 1001 1914 res
1041 1875 1302 1914 summae
1343 1859 1482 1914 ante
1513 1855 1757 1916 Troiam
1786 1855 2141 1934 Tbebasque
2184 1860 2389 1936 gestae
2430 1857 2670 1932 egregie
2700 1855 2832 1914 illu-

649 1957 874 2012 stratae
916 1959 1138 2025 essent,
1193 1954 1509 2013 maximam
1547 1975 1658 2033 per
1697 1959 1889 2014 totam
1926 1953 2239 2014 Graeciam
2280 1958 2597 2016 consecuta
2637 1959 2835 2012 essent
2954 2026 2968 2036 .

649 2053 1086 2111 auctoritatem.
1183 2052 1318 2111 Hoc
1359 2053 1516 2110 enim
1555 2052 1730 2112 modo
1771 2053 1997 2112 factum
2037 2058 2157 2124 est,
2211 2058 2279 2111 ut
2321 2052 2659 2128 quicunque
2698 2052 2831 2110 illos

648 2149 722 2208 de
774 2149 1056 2209 heroibus
1100 2151 1313 2230 panxit
1372 2171 1600 2224 versus,
1664 2171 1787 2225 non
1835 2151 1952 2210 nisi
1998 2152 2106 2210 hos
2164 2147 2531 2210 Graecorum
2580 2150 2831 2210 maiores

646 2248 895 2307 heroum
934 2250 1170 2308 nomine
1210 2255 1454 2308 ornatos
1495 2254 2003 2309 commemoraret.

825 2345 992 2420 Quae
1033 2368 1166 2407 cum
1204 2349 1293 2407 ita
1331 2348 1469 2420 sint,
1513 2349 1632 2409 iam
1671 2368 1815 2407 num
1853 2349 2041 2407 ullum
2080 2349 2241 2407 inter
2278 2347 2611 2406 Homerum
2652 2351 2831 2423 atque

645 2443 978 2512 Hesiodum
1027 2444 1346 2505 discrimen
1392 2445 1751 2518 intercedat,
1807 2465 2179 2524 quaeramus.
2271 2445 2461 2504 Extat
2508 2461 2675 2518 sane,
2728 2444 2833 2504 sed

646 2563 767 2602 non
829 2543 980 2602 illud
1045 2548 1136 2602 est
1153 2586 1168 2616 ,
1238 2543 1399 2619 quod
1460 2543 1763 2603 Hesiodus
1821 2545 1885 2603 in
1942 2563 2145 2606 omnes
2212 2545 2483 2616 omnino,
2547 2543 2648 2620 qui
2714 2542 2831 2601 illis

649 2641 1050 2700 interfuerant
1089 2640 1290 2712 bellis,
1343 2641 1556 2700 heroas
1595 2645 1990 2722 nuncupavit,
2046 2643 2206 2720 quod
2254 2643 2493 2720 quidem
2530 2641 2831 2701 Homerus

647 2758 884 2816 quoque
932 2739 1091 2810 fecit,
1136 2759 1346 2797 verum
1384 2739 1464 2811 id,
1521 2740 1684 2816 quod
1723 2739 1945 2800 diserte
1994 2741 2161 2801 addit
2211 2747 2273 2800 et
2310 2741 2511 2801 divino
2563 2760 2665 2799 eos
2705 2759 2830 2798 esse

645 2857 866 2914 genere
898 2839 959 2894 et
998 2835 1288 2895 semideos
1327 2838 1623 2915 appellari
1639 2832 1710 2916 ⁹).
1792 2839 1947 2900 Nam
1986 2859 2060 2899 ex
2098 2840 2210 2900 hac
2249 2861 2317 2898 re
2357 2838 2559 2900 evadit
2595 2838 2826 2911 heroas,

646 2954 796 3012 quos
835 2935 1088 2993 maiores
1119 2932 1501 3008 Graecorum,
1545 2942 1614 2996 ut
1654 2957 1721 2996 re
1762 2957 1907 2997 vera
1948 2945 2137 3012 erant,
2183 2937 2361 2998 etiam
2390 2960 2426 2998 a
2456 2941 2637 3016 poeta
2666 2937 2829 2996 habi-

643 3037 740 3092 tos
781 3052 908 3090 esse
955 3031 1098 3091 inde
1135 3037 1324 3113 patet,
1378 3034 1540 3111 quod
1586 3034 1650 3094 in
1700 3036 1810 3094 hac
1859 3037 2104 3097 humani
2152 3038 2389 3114 generis
2431 3034 2830 3114 descriptione

647 3134 1186 3190 commemorantur
1201 3125 1272 3208 ³),
1315 3133 1553 3191 iamiam
1583 3153 1772 3209 genus
1813 3134 2111 3210 quoddam
2141 3135 2447 3194 numinum
2486 3152 2633 3207 esse,
2677 3153 2829 3210 quae

648 3227 908 3294 medium
947 3233 1195 3288 teneant
1234 3230 1431 3289 locum
1470 3231 1646 3298 inter,
1669 3231 1811 3290 deos
1852 3225 1914 3291 et
1952 3233 2237 3292 homines.
2317 3232 2494 3307 Quod
2533 3234 2585 3292 si
2622 3251 2829 3293 verum

709 3471 714 3478 '
791 3472 835 3542 ¹)
873 3470 976 3538 Iis,
1027 3490 1164 3544 quos
1209 3474 1458 3530 laudavit
1488 3474 1719 3540 Preller,
1762 3475 1864 3532 Gr.
1902 3477 1985 3532 M.
2022 3477 2075 3544 Ι,
2112 3481 2178 3544 67
2217 3481 2329 3532 not.
2364 3494 2396 3544 4
2433 3477 2589 3531 adice
2624 3475 2827 3548 Bergk,

651 3551 751 3606 Gr.
789 3552 931 3608 Litt.
968 3551 1015 3619 Ι,
1053 3557 1157 3620 946
1195 3571 1314 3623 sqq.
1388 3554 1460 3609 A.
1497 3554 1823 3622 Mommsen,
1862 3556 2143 3628 Delphica
2178 3576 2231 3627 p.
2277 3560 2374 3610 106
2414 3574 2534 3626 sqq.

787 3631 834 3699 ⁹)
871 3631 1070 3688 Moneo
1106 3635 1165 3689 in
1211 3638 1529 3691 transcursu
1565 3639 1713 3708 apud
1750 3635 2061 3692 Homerum
2098 3637 2519 3693 commemorari
2556 3635 2685 3690 κλέα
2731 3633 2825 3688 ἅν-

641 3709 795 3784 δρῶν
831 3713 901 3781 (Ι,
947 3717 1072 3781 1893
1123 3715 1192 3774 θ’,
1229 3719 1340 3784 73.)
1387 3721 1446 3771 et
1492 3715 1624 3769 κλέα
1674 3711 1905 3788 ἀνδρῶν
1953 3716 2161 3791 ἡρώων
2208 3717 2280 3787 (Ι,
2322 3721 2464 3786 524),
2502 3718 2647 3772 sicut
2680 3717 2828 3788 apud

641 3791 952 3847 Hesiodum
1001 3793 1236 3866 (Theog.
1287 3815 1338 3851 v.
1385 3799 1506 3867 100)
1555 3796 1710 3850 κλετα
1762 3802 2057 3870 προτέρων
2107 3795 2471 3872 ἀνθρώπων,
2522 3798 2829 3868 posteriore

642 3875 826 3926 autem
863 3877 1046 3927 aetate
1094 3892 1192 3929 nos
1229 3875 1477 3932 invenire
1525 3877 1584 3932 in
1636 3878 1740 3932 hac
1785 3877 2024 3932 formula
2060 3875 2334 3946 ἡμιθέους
2376 3881 2700 3948 usurpatos3
2749 3879 2828 3933 ita

640 3953 725 4007 bis
762 3953 821 4006 in
857 3953 1188 4020 Homericis,
1227 3957 1322 4024 qui
1359 3957 1637 4024 dicuntur,
1688 3958 1934 4026 hymnis:
1984 3957 2202 4024 XXXI,
2254 3962 2346 4014 18:
2394 3962 2555 4029 γένος
2599 3955 2828 4029 ἀνδρῶν

642 4031 920 4100 ἡμιθέων.
993 4033 1242 4101 XXXII,
1287 4039 1376 4090 18:
1413 4035 1543 4113 κλιξᾳ
1581 4039 1790 4108 φωτῶν
1827 4033 2037 4106 ᾄσομαι
2074 4036 2353 4106 ἡμιθέων.

789 4113 837 4183 θ)
863 4114 944 4168 Cf.
983 4114 1152 4169 etiam
1176 4114 1248 4170 R.
1273 4115 1443 4183 Roth,
1477 4116 1624 4172 Uber
1654 4115 1763 4170 den
1790 4116 2029 4188 Mythus
2054 4136 2164 4174 von
2202 4119 2306 4174 den
2336 4121 2487 4190 fimf
2502 4118 2827 4175 Mense-hen—

639 4193 1059 4266 vorstellunqen
1104 4194 1191 4250 bei
1228 4194 1443 4252 Hesiod
1489 4200 1593 4251 etc.
1673 4195 1904 4268 wbinq.
1948 4201 2099 4254 1860.
2154 4219 2209 4270 p.
2267 4215 2288 4252 ι
2298 4215 2327 4268 3
2378 4217 2477 4269 sq„
2527 4200 2624 4269 qui
2670 4218 2724 4254 v.
2772 4199 2825 4254 d.

637 4292 838 4344 parum
871 4279 1128 4331 accurate
1163 4276 1379 4330 locutus
1417 4281 1501 4332 est
1536 4277 1809 4332 adiciens:
1839 4274 1947 4334 ‘sie
1980 4279 2115 4336 sind
2147 4280 2303 4337 nicht
2333 4297 2409 4336 m
2437 4280 2633 4338 Wcsm
2670 4279 2827 4337 einer

639 4353 876 4410 hb‘heren
910 4355 1022 4410 Art
1054 4351 1382 4428 yeworden'.
2154 4385 2165 4392 ·
