3325 5392
1438 1477 1781 1553 CAPUT
1850 1478 1949 1550 II.

834 1736 841 1739 “
910 1710 927 1813 ἶ,
961 1747 1216 1810 eximam
1269 1767 1338 1806 ac
1391 1766 1582 1826 paene
1635 1745 2126 1808 innumerabilem
2181 1765 2311 1806 esse
2350 1745 2790 1807 multitudinem

922 1840 927 1861 '¹
1009 1864 1240 1916 eorum,
1286 1845 1502 1924 quibus
1541 1865 1578 1904 a
1632 1841 1876 1905 Graecis
1924 1843 2150 1904 heroici
2197 1842 2453 1905 honores
2502 1844 2791 1924 impertiti

610 1999 620 2004 .
748 1962 763 1973 ·
1005 1943 1245 2015 fuerint,
1290 1962 1522 2004 necnon
1563 1946 1769 2006 extare
1808 1942 2037 2006 nullum
2077 1942 2203 2002 fere
2242 1942 2466 2004 vetusti
2493 1945 2789 2004 terrarum

601 2041 763 2104 orbis
819 2041 1012 2101 locum
1025 2083 1040 2114 ‚
1084 2060 1261 2119 quem
1300 2038 1516 2102 Graeci
1554 2039 1951 2114 obtinuerint,
1994 2039 2101 2102 ubi
2138 2039 2395 2116 vestigia
2430 2039 2605 2102 huius
2656 2039 2791 2100 reli·

601 2139 796 2218 gionifl
845 2158 1094 2220 prorsus
1135 2139 1358 2212 desint,
1403 2143 1496 2200 sat
1535 2143 1745 2198 notum
1793 2143 1901 2199 est.
1998 2136 2132 2215 Qua
2183 2137 2257 2198 de
2313 2157 2492 2198 causa
2543 2141 2791 2220 quanto-

599 2257 744 2314 pere
811 2237 1192 2318 apertissima
1241 2237 1489 2300 heroum
1541 2237 1757 2296 notitia
1810 2235 1888 2297 ad
1954 2256 2147 2296 mores
2215 2237 2491 2297 instituta.
2552 2235 2790 2296 omnino

599 2335 678 2397 ad
715 2339 906 2399 tota-m
945 2341 1215 2396 veterum
1253 2324 1441 2396 vitam
1493 2334 2037 2414 recognoscentiam
2088 2335 2305 2406 valeat,
2364 2354 2497 2396 cum
2558 2354 2669 2414 per
2728 2354 2793 2394 se

599 2436 831 2515 pateat,
889 2454 1010 2496 non
1066 2434 1193 2494 sine
1248 2435 1452 2494 fructu
1497 2434 1720 2496 factum
1764 2433 2031 2506 videtur,
2095 2438 2164 2494 ut
2220 2432 2300 2506 id,
2363 2432 2524 2510 quod
2560 2433 2679 2492 iam
2718 2431 2791 2492 de

603 2552 807 2598 eorum
847 2532 1136 2609 religione
1177 2532 1478 2610 cognitum
1533 2536 1648 2603 est,
1706 2532 1887 2612 paulo
1942 2529 2307 2610 amplificare
2360 2550 2667 2604 conemur,
2732 2535 2792 2590 et

586 2627 862 2708 'primum
903 2630 1142 2710 quidem
1181 2631 1554 2693 accuratiore
1606 2629 1885 2690 instituta
1936 2629 2000 2690 in
2054 2649 2153 2691 eos
2210 2627 2641 2710 disquisitione,
2690 2629 2793 2711 qui

600 2729 975 2806 potissimum
1013 2728 1173 2790 inter
1213 2728 1428 2792 heroas
1471 2727 1807 2788 consecrari
1846 2727 2133 2788 solebant.

782 2834 1020 2898 Horum
1047 2855 1170 2894 non
1200 2835 1442 2897 minima
1481 2855 1623 2897 sane
1662 2855 1807 2912 pars
1846 2834 1937 2894 illi
1977 2838 2135 2908 sunt,
2182 2833 2287 2912 qui
2324 2835 2451 2898 sive
2491 2839 2561 2898 ut
2596 2835 2793 2912 gentis

600 2931 887 3010 urbisque
928 2932 1265 2998 conditores
1305 2933 1570 3012 publice,
1623 2933 1749 2995 sive
1789 2933 2075 3013 privatim
2112 2936 2184 2995 ut
2222 2931 2481 2996 familiae
2520 2936 2792 2996 auctores

603 3029 970 3104 colebantur,
1012 3035 1142 3097 tum
1182 3031 1288 3108 qui
1324 3036 1394 3092 ut
1431 3031 1674 3094 artificii
1712 3031 1960 3096 alicuius
2000 3031 2341 3092 inventores
2380 3034 2561 3110 atque
2590 3034 2793 3112 petro.-

599 3129 663 3192 ni
699 3127 776 3189 ab
817 3128 1093 3208 opificum
1136 3130 1403 3206 collegiis
1443 3129 1897 3191 honorabantur
1918 3124 1987 3206 ¹),
2030 3147 2215 3208 porro
2257 3128 2363 3204 qui
2390 3128 2530 3190 latis
2560 3127 2792 3208 legibus

601 3225 773 3303 quasi
810 3224 1004 3290 denuo
1046 3227 1351 3288 civitatem
1393 3230 1773 3298 creaverant,
1837 3225 2093 3304 denique
2139 3225 2199 3298 ii,
2258 3225 2363 3304 qui
2403 3227 2585 3306 primi
2623 3230 2794 3288 erant

597 3323 858 3390 numinis
911 3323 1163 3388 alicuius
1216 3323 1572 3394 sacerdotes.
1670 3322 1901 3400 Quibus
1942 3322 2181 3408 quidem
2225 3323 2498 3386 omnibus
2536 3324 2600 3386 id
2640 3345 2791 3386 com-

605 3441 782 3481 mune
813 3424 906 3480 est
935 3424 1115 3498 atque
1146 3421 1477 3498 proprium,
1522 3421 1683 3501 quod
1724 3421 1987 3498 origines
2026 3421 2317 3502 initiaque
2363 3422 2567 3502 aliqua,
2606 3422 2680 3484 de
2719 3422 2792 3486 iis

749 3647 792 3716 ¹)
829 3647 989 3702 Licet
1023 3648 1066 3702 ii
1100 3666 1214 3704 non
1250 3649 1358 3704 nisi
1404 3648 1523 3704 ficti
1569 3649 1699 3714 sint,
1748 3652 1812 3702 ut
1858 3649 2086 3719 plurimi
2133 3649 2327 3704 heroes
2374 3649 2647 3720 eponymi,
2699 3649 2794 3719 qui

601 3729 894 3797 dicuntur3
956 3728 1026 3784 cf.
1075 3727 1360 3784 Polemon.
1411 3747 1498 3800 ap.
1546 3728 1755 3784 Athen.
1804 3727 1893 3794 ΙΙ,
1945 3743 2011 3795 39
2063 3747 2120 3784 c:
2187 3727 2468 3797 Πολέμων
2516 3735 2685 3802 φησὶν
2732 3732 2794 3783 ἐν

607 3809 900 3876 Μουνυχίᾳ
937 3807 1097 3882 ἥρωα
1136 3805 1555 3883 Ἀκρατοπότην
1597 3810 1901 3877 τιμᾶσθαι,
1941 3809 2099 3883 παρὰ
2137 3807 2197 3862 δὲ
2226 3808 2606 3883 Σπαρτιάταις
2633 3806 2791 3863 Μάτ-

599 3908 756 3940 τωνα
807 3893 900 3940 καὶ
951 3886 1236 3962 Κεράωνα
1288 3888 1474 3963 ἥρωας
1522 3887 1632 3943 ὖπό
1688 3909 1863 3942 τινων
1911 3894 2200 3962 μαγείρων
2250 3887 2519 3963 ἱδρῦσθαι
2568 3893 2631 3944 ἐν
2676 3903 2795 3946 τοῖς

601 3965 858 4040 φιδιτίοις
882 3988 896 4002 ·
922 3971 1156 4036 τιμᾶται
1195 3967 1255 4022 δὲ
1291 3974 1383 4022 καὶ
1421 3971 1482 4022 ἐν
1505 3965 1695 4035 Ἀχαΐᾳ
1724 3967 2011 4028 Δειπνεύς,
2052 3966 2164 4023 ἀπὸ
2189 3973 2323 4032 ,τῶν
2360 3968 2607 4024 δείπνων
2644 3969 2823 4036 σχών,

596 4047 708 4115 »τὴν
746 4053 1150 4122 προσηγορίαν.
1225 4048 1387 4119 Quod
1423 4049 1589 4119 paulo
1637 4048 1875 4118 amplius
1924 4048 2149 4104 exhibet
2183 4049 2503 4106 Demetrius
2539 4051 2793 4122 Scepsius

598 4127 734 4182 ibid.
771 4127 877 4194 IV,
921 4143 1017 4196 173
1056 4129 1093 4184 f.
1123 4162 1188 4169 —
1218 4128 1366 4185 Vide
1403 4129 1574 4183 etiam
1612 4127 1824 4183 Herod.
1857 4128 1961 4196 VI,
2001 4133 2071 4183 60
2105 4133 2163 4184 et
2198 4129 2335 4198 VH,
2379 4146 2477 4198 134
2516 4150 2634 4202 sqq.
2670 4131 2792 4186 coll.

599 4206 763 4264 Paua.
815 4207 944 4274 III,
1003 4224 1082 4276 12,
1134 4214 1184 4263 6.
1257 4208 1504 4278 Hesych.
1552 4225 1594 4263 s.
1644 4227 1699 4265 v.
1752 4207 2105 4283 Θεοκήρυκεσ.
2178 4210 2263 4266 Of.
2299 4211 2372 4267 R.
2408 4211 2652 4279 Schoell,
2707 4211 2793 4266 De

599 4288 982 4344 communibus
1017 4293 1079 4346 et
1113 4288 1359 4358 collegiis
1397 4288 1727 4358 quibusdam
1765 4289 1961 4345 Graec.
2023 4288 2225 4346 Satura
2272 4291 2540 4364 philolog.
2596 4292 2792 4349 Herm.

601 4366 845 4440 Sauppio
879 4369 1088 4424 oblata.
1127 4371 1280 4438 1879.
1316 4385 1372 4441 p.
1417 4372 1532 4438 176.
