3325 5392
1606 534 1686 594 53

552 681 684 758 ipso
731 680 993 740 adventu
1042 684 1310 738 mortuus
1357 683 1501 738 erat.
1597 679 1813 756 Itaque
1853 684 1921 738 ui:
1960 677 2226 757 praemio
2267 697 2399 736 eum
2432 681 2732 748 ornarenss,

555 772 615 838 οἱ
647 774 990 850 Πλαταιεῖς
1035 770 1310 858 ἔθαψαν
1357 769 1422 838 ἐν
1464 773 1557 858 τῷ
1604 772 1761 860 ἱερῷ
1806 774 1922 861 τῆς
1966 766 2275 849 Εὐκλείας
2318 763 2674 857 Ἀρτέμιδος
2691 771 2737 855 1)

554 870 1035 958 ἐπιγράψαντες
1079 869 1225 936 τόδε
1269 868 1346 936 τὸ
1389 871 1813 970 τετράμετρον

760 963 1042 1052 Εὐχίδας
1087 967 1370 1034 Πυθώδε
1414 971 1660 1057 θρέξας
1706 970 1870 1057 ἦλθε
1918 962 2061 1056 τᾷδ’
2107 962 2495 1056 αὐθημερόν.
2582 985 2587 990 ·
2644 998 2654 1006 ·

555 1071 686 1145 Quo
733 1092 864 1132 cum
910 1071 1233 1150 sepeliendi
1277 1071 1502 1130 honore
1551 1072 1730 1131 etiam
1773 1073 2121 1149 religionem
2182 1073 2552 1131 coniunctam
2611 1090 2738 1130 esse

553 1170 724 1229 docet
767 1170 1098 1230 Pausanias
1145 1168 1284 1247 (IX,
1340 1188 1362 1230 1
1379 1187 1433 1247 7,
1495 1169 1568 1249 1),
1617 1159 1722 1229 ub'i
1765 1171 1951 1230 verba
1995 1170 2140 1229 facit
2184 1171 2259 1229 de
2289 1168 2633 1229 Androclea
2678 1173 2739 1228 ei,

554 1266 772 1328 Alcida
817 1267 1117 1326 Thebanis
1171 1267 1522 1343 virginibus,
1581 1288 1733 1345 quae
1753 1311 1767 1340 ‚
1839 1273 1907 1327 ut
1966 1267 2226 1346 pairiam
2294 1272 2733 1336 conservarent,

553 1365 667 1424 sibi
710 1365 877 1442 ipsae
924 1369 1175 1424 mortem
1222 1366 1648 1425 consciverant.
1746 1364 1878 1439 Qua
1934 1365 2008 1424 de
2052 1386 2230 1426 causa
2275 1365 2337 1424 in
2382 1354 2739 1449 Ἀρτέμιδος

553 1452 862 1536 Εὖκλείας
906 1463 1130 1540 templo
1181 1462 1454 1522 conditae
1500 1457 1692 1541 τιμὰς
1737 1457 1968 1540 ἔχουσι.

729 1561 782 1620 Ε
829 1561 1148 1639 disputatis
1195 1559 1470 1638 denique,
1519 1566 1588 1620 ut
1617 1561 1885 1621 breviter
1915 1563 2293 1640 complectar,
2343 1583 2494 1641 quae
2524 1561 2738 1622 lucrati

553 1681 769 1732 sumus,
819 1660 965 1718 haec
1006 1658 1214 1717 habeo,
1309 1656 1664 1737 Saepissime
1712 1660 1957 1719 deorum
2004 1660 2338 1720 sacerdotes
2384 1661 2446 1720 in
2490 1660 2737 1720 heroum

553 1778 860 1816 numerum
906 1757 1422 1816 consecrabantur.
1516 1756 1756 1834 Religio
1777 1801 1791 1830 ,
1843 1778 1962 1837 qua
2014 1758 2390 1832 fruebantur,
2453 1759 2525 1818 iis
2586 1759 2738 1818 sicut

552 1855 841 1927 omnibus,
890 1855 994 1935 qui
1038 1875 1169 1913 cum
1217 1854 1328 1914 diis
1369 1856 1670 1917 coniuncti
1696 1856 2081 1936 putabantur,
2131 1856 2374 1916 deorum
2408 1857 2575 1916 festis
2614 1856 2736 1915 die·

551 1954 662 2012 bus
737 1973 848 2032 pro
916 1953 1222 2030 prooemio
1300 1953 1691 2028 offerebatur3
1774 1955 2048 2032 sepulcra
2122 1960 2318 2014 aussem
2395 1975 2598 2014 eorum
2641 1955 2735 2034 ‚in

552 2052 796 2112 deorum
844 2051 997 2111 fanis
1044 2049 1505 2110 collocabanssur.

702 2294 743 2362 ¹)
780 2291 865 2348 Dc
903 2293 1007 2349 hoc
1043 2295 1268 2350 numine
1303 2295 1370 2349 cf.
1409 2295 1642 2361 Presser,
1686 2296 1789 2352 Gr.
1831 2297 1913 2351 M.
1949 2296 1996 2363 1,
2038 2311 2155 2364 249.
