3325 5392
1543 575 1578 640 7

467 728 568 782 tur
591 718 659 800 ¹),
727 723 970 782 maximi
1022 723 1306 781 momenti
1367 726 1458 780 est
1517 721 1594 780 ad
1653 721 1816 779 illam
1864 719 2355 779 necessitudinem
2409 720 2647 778 demon-

467 821 790 892 strandam,
854 842 1006 898 quae
1062 821 1378 880 intercedit
1445 821 1631 878 inter'
1664 819 1875 878 heroas
1944 824 2123 896 atque
2194 818 2335 876 deos
2405 819 2644 875 inferos,

467 919 622 980 Nam
667 920 934 978 homines
995 919 1414 978 sacrificiorum
1473 919 1681 976 inferis
1744 918 2079 976 oblatorum
2134 916 2457 994 participes
2518 916 2650 974 fieri

469 1038 704 1094 semper
749 1018 912 1075 nefas
959 1017 1412 1076 existimabatur
1436 1011 1504 1092 ε3).
1586 1015 1768 1074 Cuius
1815 1015 1903 1074 rei
1949 1035 2127 1074 eausa
2170 1014 2352 1074 fuisse
2391 1013 2643 1083 videtur,

470 1115 630 1191 quod
684 1116 786 1191 qui
844 1135 964 1172 una
1009 1135 1141 1174 eum
1201 1115 1314 1172 diis
1369 1114 1577 1172 inferis
1649 1113 1858 1172 iisdem
1917 1113 2065 1172 cibis
2120 1113 2489 1183 fruerentur,
2557 1112 2647 1170 his

468 1211 806 1270 numinibus
853 1213 1006 1270 sacri
1052 1212 1422 1290 putabantur
1445 1206 1514 1289 3).

642 1326 776 1385 Hae
821 1327 1054 1386 ratione
1114 1328 1218 1386 illa
1261 1329 1569 1386 notissima
1630 1329 1703 1386 de
1749 1328 2150 1404 Proserpinae
2212 1331 2391 1404 raptu
2448 1326 2650 1384 fabula

467 1425 818 1503 explicanda
881 1431 988 1483 est.
1091 1423 1241 1483 Cum
1301 1427 1457 1483 enim
1519 1426 1630 1487 dea
1692 1427 1910 1484 malum
1956 1430 2273 1500 granatum
2328 1429 2644 1500 gustasset,

465 1522 568 1599 qui
598 1523 828 1580 fructus
857 1523 1136 1581 Plutonis
1183 1518 1405 1604 eratss),
1455 1523 1685 1582 reditus
1734 1526 1967 1599 integer
2014 1524 2069 1580 ei
2112 1543 2232 1580 non
2278 1523 2491 1600 patuit,
2542 1523 2649 1580 sei-

443 1615 604 1678 'lieet
661 1621 804 1697 quia
862 1621 1100 1679 iamiam
1145 1621 1393 1679 Plutoni
1451 1627 1798 1681 consecrata
1854 1626 2002 1679 erat.
2096 1620 2259 1697 Lege
2305 1620 2528 1696 Hymn.
2587 1621 2647 1676 in

465 1717 664 1776 Gerer.
715 1739 772 1778 v.
827 1735 944 1796 371
1002 1739 1158 1796 sqq:

1635 1822 1840 1915 αὐτὰρ
1886 1823 1983 1914 ὅγ’
2015 1825 2228 1916 τἈιδης

783 1927 954 2014 ῥοιῆς
999 1928 1224 1992 κόκκον
1271 1925 1465 1991 ἔδωκε
1513 1940 1741 2014 φαγεῖν
1784 1926 2105 2014 μελιηδέα,
2155 1927 2373 2013 λάθρῃ

787 2020 958 2114 ἀμφὶ
1003 2025 1035 2090 ἓ
1080 2025 1393 2112 νωμήσας,
1437 2023 1547 2089 ἵνα
1591 2024 1679 2112 μὴ
1724 2030 1901 2108 μένοι
1948 2017 2161 2112 ἤματα
2208 2025 2423 2090 πάντα

784 2115 948 2188 αὖθι
993 2117 1151 2210 παρ’
1198 2121 1410 2208 αἰδοίῃ
1459 2123 1779 2210 Δημήτερι
1826 2124 2274 2208 movens-gnie».

466 2255 538 2312 of.
589 2254 732 2312 ibid.
782 2276 838 2313 v.
891 2271 1011 2330 411
1068 2274 1195 2330 sqq.

642 2369 850 2446 Neque
913 2389 1044 2428 eum
1101 2368 1175 2443 113
1238 2369 1382 2428 viris
1443 2368 1632 2426 doctis
1698 2370 1887 2444 (velut
1945 2368 2217 2426 Prellero
2281 2361 2390 2428 Gr.
2440 2363 2529 2425 M.
2594 2368 2646 2440 Ι,

469 2467 620 2544 628)
669 2467 1002 2526 consentire
1048 2485 1308 2544 possum,
1375 2466 1478 2542 qui
1524 2467 1676 2524 hane
1721 2487 1847 2525 rem
1894 2466 1970 2525 ad
2016 2467 2457 2525 matrimonium
2502 2466 2650 2523 refe-

467 2571 623 2625 runt.
717 2565 870 2626 Nam
916 2565 1372 2642 Proserpinam,
1425 2564 1773 2642 priusquam
1820 2565 2037 2623 malum
2083 2567 2408 2642 gustasset,
2470 2563 2651 2621 fuisse

466 2664 583 2722 iam
627 2682 874 2722 uxorem
903 2663 1182 2720 Plutonis
1233 2683 1306 2720 ex
1355 2661 1615 2720 eiusdem
1662 2663 1868 2738 hymni
1912 2683 1969 2722 v.
2023 2681 2103 2738 34
2112 2681 2146 2738 3
2198 2682 2325 2738 sqq.
2375 2665 2646 2738 apparet,

467 2767 656 2838 neque
717 2762 859 2820 mali
919 2760 1265 2819 comedendi
1325 2759 1742 2819 caerimoniam
1804 2762 2016 2818 summi
2075 2758 2152 2818 ad
2212 2759 2651 2816 matrimonium

467 2857 827 2918 Graecorum
873 2858 1382 2936 comprobandum
1428 2859 1713 2916 momenti
1758 2858 1939 2916 fuisse
1986 2858 2123 2915 ullis
2170 2861 2441 2915 veterum
2484 2856 2651 2913 testi-

467 2957 676 3016 moniis
737 2956 1032 3016 discimus.
1127 2955 1311 3031 (Vide
1373 2960 1582 3014 contra
1641 2955 1805 3013 Plut.
1870 2975 2067 3032 praec.
2144 2953 2292 3012 voni.
2362 2956 2437 3030 1).
2533 2951 2651 3011 Sed

468 3059 839 3118 revertamur
879 3053 960 3114 ad
1004 3053 1402 3132 propositum.

616 3351 658 3420 ι)
706 3349 976 3422 Inspicias
1024 3351 1187 3406 Paus.
1237 3351 1316 3418 11,
1377 3367 1454 3418 10,
1513 3367 1556 3404 1.
1617 3349 1699 3414 ΙΙ,
1755 3365 1924 3446 inl.
1986 3347 2090 3415 IV,
2132 3365 2215 3415 31,
2256 3365 2303 3416 7.
2368 3349 2437 3414 V,
2484 3364 2561 3414 13,
2604 3364 2651 3402 2.

467 3429 727 3484 Philostr.
765 3431 989 3486 Heroic.
1033 3450 1085 3500 p.
1127 3434 1248 3498 308,
1288 3447 1336 3497 3,
1386 3431 1482 3483 ubi
1520 3430 1772 3484 Achaeos
1822 3434 1999 3482 totam
2047 3447 2244 3484 navem
2292 3447 2395 3498 pro
2443 3427 2653 3482 inferiis

467 3510 730 3564 obtulisse
766 3515 957 3565 auotor
993 3511 1193 3566 tradit:
1262 3514 1374 3582 πῦρ
1413 3512 1464 3566 ἐς
1501 3509 1695 3576 κοίλην
1729 3508 1838 3575 τήν
1874 3512 2017 3560 ναῦν
2053 3511 2259 3576 ἐνῆκαν
2295 3507 2447 3559 ἔπλει
2484 3527 2545 3560 τε
2584 3506 2650 3574 δή

468 3594 878 3662 μετεωρίζουσα
925 3593 978 3646 ἐς
1025 3589 1090 3642 τό
1144 3589 1409 3661 πέλαγος,
1463 3595 1553 3642 καὶ
1602 3587 1764 3642 οὔπω
1814 3588 1974 3654 ἡλίου
2024 3586 2349 3654 ἀνίσχοντος
2400 3585 2537 3654 αὐτή
2591 3609 2650 3641 τε

469 3668 818 3742 κατεφλέχθη
858 3675 950 3722 καὶ
997 3669 1184 3723 ὁπόσα
1219 3673 1304 3734 τῷ
1343 3673 1545 3722 Αἴαντι
1584 3671 1799 3742 ἔφερεν.
1876 3668 2026 3723 Suid.
2066 3689 2117 3722 v.
2156 3671 2429 3738 ἐναγίζειν
2467 3707 2479 3718 .
2518 3707 2528 3718 .
2568 3708 2578 3719 .
2618 3668 2649 3734 ἢ

469 3748 533 3804 τὸ
573 3747 665 3803 διὰ
703 3747 876 3818 πυρὸς
913 3748 1192 3803 δαπανᾶν.
1232 3783 1296 3790 -—
1337 3750 1464 3804 Non
1500 3750 1628 3803 lieet
1663 3767 1966 3818 provocare
2003 3749 2073 3803 ad
2108 3747 2447 3803 Artemidor.
2524 3748 2653 3802 Oni-

467 3848 608 3885 roor.
646 3829 750 3896 IV,
789 3833 886 3884 81:
935 3829 1007 3883 τοὶ
1045 3833 1107 3883 ἐν
1156 3835 1423 3884 νεκυσίοις
1472 3835 1563 3881 καὶ
1609 3827 1987 3901 περιδείπνοις
2024 3826 2457 3902 παρατιθέμενα
2506 3849 2655 3881 τισιν

470 3907 598 3964 οὔτε
652 3908 792 3962 ἰδεῖν
847 3907 978 3964 οὔτε
1033 3923 1232 3982 φαγεῖν
1292 3907 1524 3979 ἀγαθὸν
1578 3907 1708 3962 οὔτε
1765 3907 2271 3982 περιδειπνετσθαι.
2362 3907 2525 3978 Quod
2581 3909 2653 3964 de

467 3991 865 4044 somniantibus
903 3990 1115 4045 dietum
1150 4006 1268 4044 esse
1303 4006 1403 4059 per
1440 4006 1496 4044 se
1531 3994 1704 4058 patet.

615 4069 662 4139 ⁹)
708 4070 791 4125 Of.
837 4069 1110 4139 Porphyr.
1149 4069 1216 4123 de
1253 4069 1452 4124 abstin.
1489 4068 1572 4134 II,
1612 4086 1709 4136 44:
1785 4067 2003 4124 Πάντες
2038 4066 2147 4142 γὰρ
2186 4071 2247 4120 ἐν
2283 4066 2463 4140 τορτῳ
2502 4067 2649 4136 ὠμο-

471 4149 716 4220 λόγησαν
765 4153 819 4202 οἱ
856 4147 1126 4219 θεολόγοι
1175 4146 1248 4204 ὥς
1284 4145 1412 4200 οὔτε
1451 4145 1663 4201 ἁπτέον
1713 4151 1773 4202 ἐν
1820 4162 1939 4204 ταῖς
1988 4145 2393 4221 ἀποτροπαίοις
2431 4150 2653 4202 θυσίαις

471 4233 588 4284 τῶν
624 4231 930 4298 θυομένων
967 4230 1300 4302 καθαρσίοις
1334 4248 1396 4280 τε
1431 4233 1717 4300 χρηστέον.

619 4311 663 4378 ³)
701 4310 781 4365 Cf.
821 4309 1091 4376 Simroek,
1127 4308 1408 4366 Deuteche
1447 4309 1793 4381 Mytholoyie
1828 4329 1882 4380 p.
1922 4313 2043 4376 465.

615 4391 664 4464 ⁴)
702 4389 773 4448 V.
811 4347 1118 4458 Bssttiohei,
1154 4386 1467 4444 Baumkult
1501 4388 1600 4446 der
1635 4387 1906 4446 Hellenen
1940 4389 1995 4461 Ρ.
2034 4403 2137 4456 472
2176 4405 2295 4459 sqq.
