3325 5392
1462 521 1540 584 35

406 665 492 727 tio
532 686 676 726 usus
718 671 824 726 aut
863 667 1040 727 etiam
1081 665 1410 727 Stesichori
1447 666 1801 744 fragmentis
1844 683 1877 745 5
1897 685 1919 726 1
1970 671 2030 725 et
2072 683 2105 745 5
2118 685 2150 728 2
2196 665 2359 726 nisus
2376 661 2427 743 ¹)
2470 686 2589 725 om·

405 765 547 823 nino
588 770 853 824 mortuos
893 770 1022 824 tum
1063 765 1254 824 cultos
1286 784 1415 823 esse
1445 785 1654 842 neges:
1688 770 1757 824 ut
1786 785 1999 844 parum
2030 766 2244 824 scimus
2276 765 2349 823 de
2379 763 2591 823 horum

405 883 684 922 versuum
723 864 1009 942 primario
1049 884 1232 937 nexu,
1298 864 1385 922 ita
1426 864 1659 924 exilitas
1710 864 2097 942 fragminum,
2165 863 2389 941 quippe
2440 882 2592 939 quae

407 982 832 1038 nonnunquam
887 962 1306 1022 vilissimarum
1355 983 1554 1021 rerum
1613 982 1790 1023 causa
1844 985 1879 1022 a
1926 962 2328 1040 grammaticis
2378 963 2591 1020 lexico·

407 1061 654 1139 graphis
697 1060 830 1120 aliis
871 1061 1210 1134 laudentur,
1256 1061 1507 1120 maxime
1547 1061 1847 1140 culpanda
1884 1061 2147 1134 videtur,
2194 1060 2356 1136 quod
2396 1059 2603 1136 cogni‹

405 1158 491 1218 tio
536 1164 744 1218 nostra
781 1164 1096 1238 tantopere
1137 1158 1390 1219 deficiat.

583 1256 801 1335 Itaque
839 1257 955 1316 iam
992 1259 1054 1316 in
1087 1278 1156 1317 eo
1190 1262 1298 1331 est,
1341 1264 1410 1317 ut
1450 1259 1795 1318 accedamus
1826 1257 1903 1318 ad
1932 1256 2349 1330 Pindarum,
2396 1276 2589 1332 quem,

406 1376 538 1415 cum
585 1376 757 1415 nemo
805 1356 1048 1415 uberius
1098 1357 1171 1415 de
1221 1357 1468 1430 heroum
1529 1357 1820 1433 religione
1883 1375 1991 1414 nos
2054 1354 2350 1426 docuerit,
2415 1354 2593 1430 paulo

407 1454 738 1512 accuratius
777 1455 1232 1532 perlustremuS.

583 1549 680 1609 Ac
726 1553 983 1630 primum
1027 1553 1280 1630 quidem,
1326 1573 1476 1630 quos
1516 1554 1617 1613 ille
1671 1554 1884 1612 heroas
1924 1551 2217 1624 habuerit,
2270 1549 2591 1608 videamus,

405 1649 616 1726 Neque
663 1652 786 1710 late
833 1657 1042 1729 patere
1095 1653 1501 1728 quaestionem
1551 1651 1819 1730 putabis,
1876 1650 2153 1728 quoniam
2202 1649 2391 1726 ipsius
2439 1649 2593 1706 vatis

407 1753 574 1808 extat
605 1749 895 1808 disertum
925 1751 1334 1809 testimonium
1365 1749 1942 1825 accuratissimisque
1973 1747 2190 1806 finibus
2222 1747 2591 1810 adstrictum.

405 1846 593 1904 Recte
633 1851 701 1905 tu
742 1867 901 1921 sane,
948 1849 1052 1925 qui
1090 1848 1168 1909 ad
1207 1850 1384 1927 frgm.
1422 1849 1503 1927 98
1537 1848 1783 1907 Boeckh
1834 1851 2217 1905 revocaturus
2274 1865 2354 1904 es.
2441 1844 2595 1905 Nam

335 1992 346 2002 .
406 1944 491 2001 ibi
540 1965 638 2003 eas
688 1945 912 2004 animas
963 1947 1038 2006 ab
1087 1947 1422 2014 hominibus
1477 1967 1676 2006 sacros
1724 1945 1936 2004 heroas
1985 1943 2278 2021 appellari
2339 1943 2595 2001 dilucide

407 2042 700 2115 adfirmat,
738 2065 889 2120 quae
922 2045 1153 2104 delictis
1184 2043 1248 2103 in
1278 2044 1433 2104 Orco
1477 2044 1732 2122 expiatis
1771 2064 1928 2101 nono
1969 2062 2124 2101 anno
2165 2063 2200 2100 a
2230 2041 2598 2119 Proserpina

407 2140 482 2198 ad
522 2142 714 2201 lucem
753 2143 1028 2202 dimissae
1069 2144 1178 2202 sub
1220 2165 1428 2222 regum
1469 2164 1697 2202 summa
1728 2141 2021 2218 sapientia
2050 2139 2393 2216 virtuteque
2425 2160 2596 2198 orna-

405 2244 604 2297 torum
643 2240 841 2318 specie
879 2241 942 2299 in
982 2247 1146 2301 terra
1186 2247 1508 2302 morentur.
1603 2240 1827 2300 Tamen
1878 2240 2021 2298 haec
2076 2237 2394 2315 explicatio
2448 2237 2597 2296 nihil

407 2337 484 2396 ad
512 2357 640 2409 nos,
687 2338 911 2417 quippe
945 2360 1096 2416 quae
1135 2360 1384 2418 prorsus
1423 2339 1813 2418 philosophos
1854 2338 2071 2415 sapiat:
2124 2337 2189 2395 id
2234 2335 2436 2415 potius
2477 2357 2595 2394 om-

407 2437 580 2494 nibus
622 2439 834 2496 ceteris
875 2438 1036 2510 locis,
1081 2438 1185 2496 ubi
1224 2444 1428 2497 noster
1466 2437 1664 2496 herois
1708 2435 2065 2494 mentionem
2116 2434 2381 2507 exhibet,
2437 2434 2596 2492 lucu-

409 2534 599 2593 lenter
640 2537 933 2612 probatur
973 2557 1072 2596 eos
1112 2537 1176 2595 in
1216 2537 1557 2595 universum
1587 2557 1701 2614 pro
1738 2529 2022 2592 heroibus
2053 2533 2261 2592 ductos
2303 2553 2449 2604 esse,
2495 2533 2599 2608 qui

410 2631 680 2708 vigerent
721 2655 791 2693 ea
838 2640 1061 2708 aetate,
1127 2655 1278 2712 quae
1351 2633 1650 2694 antecedit
1720 2639 2017 2711 tempora,
2094 2651 2243 2708 quae
2314 2629 2597 2690 historica

408 2730 602 2789 dicere
635 2734 944 2812 ‘solemus'3
1015 2733 1116 2810 qui
1170 2739 1239 2791 ut
1288 2737 1486 2792 essent
1536 2731 1805 2808 gentium
1855 2732 2133 2803 maiores,
2203 2729 2289 2788 ita
2352 2729 2597 2788 deorum

407 2828 515 2887 filii
555 2851 741 2907 eaque
782 2832 854 2890 de
895 2853 1072 2892 causa
1123 2831 1394 2904 semidei,
1448 2830 1563 2889 viri
1614 2829 1924 2888 fortissimi
1974 2835 2154 2906 atque
2202 2849 2431 2887 summa
2478 2849 2597 2886 om-

407 2926 569 2984 nium
607 2927 931 2988 illustrium
971 2952 1172 2990 rerum
1203 2932 1398 3008 gloria
1439 2928 1731 2987 exornati.
1795 2927 1887 2987 Eo
1929 2928 2033 3004 qui
2072 2933 2361 2987 vocantur
2402 2927 2595 2998 mod0,

405 3024 468 3082 hi
507 3031 673 3084 sunt:
732 3026 907 3086 Ixion
949 3028 1044 3104 (P.
1080 3028 1166 3100 II,
1206 3031 1315 3106 31)
1359 3027 1642 3104 Hypseus
1686 3027 1781 3101 (P.
1817 3023 1935 3097 IX,
1982 3028 2110 3102 14);
2169 3025 2463 3084 Hercules
2494 3025 2596 3101 (N.

408 3122 534 3196 ΠΙ,
585 3126 691 3201 21)
746 3126 948 3186 Iolaus
1007 3127 1084 3204 (I.
1119 3126 1178 3199 I,
1228 3142 1321 3204 17.
1386 3126 1499 3198 IV,
1540 3125 1648 3197 28,
1700 3127 1807 3202 32)
1872 3122 2117 3180 comites
2172 3123 2271 3199 (N.
2307 3124 2419 3197 IV,
2462 3127 2593 3202 29);

407 3219 710 3282 Adrastus
745 3225 839 3302 (P.
875 3225 1057 3298 VHI,
1097 3241 1198 3302 53.
1263 3223 1339 3284 N.
1375 3223 1492 3296 IX,
1540 3225 1668 3300 10);
1736 3221 1952 3280 Castor
1999 3220 2335 3300 Polluxque
2377 3222 2476 3299 (N.
2510 3220 2595 3295 X,

385 3305 512 3381 ⁸82.
565 3322 615 3379 I.
661 3322 711 3396 Ι,
770 3340 862 3402 17.
908 3323 1022 3396 IV,
1070 3324 1172 3395 28,
1220 3326 1354 3401 32);
1415 3321 1638 3398 Pelops
1683 3318 1777 3396 (O.
1828 3318 1956 3391 IX,
2021 3323 2121 3396 10)
2184 3317 2599 3398 Agamemnon

410 3408 504 3495 (P.
539 3418 658 3493 XI,
698 3423 832 3498 31);
882 3420 1218 3480 Danaidum
1257 3419 1426 3499 proci
1459 3420 1552 3497 (P.
1587 3419 1707 3492 IX,
1754 3419 1899 3496 116)
1940 3417 2198 3476 Perseus
2232 3417 2308 3494 (I.
2342 3417 2455 3490 IV,
2499 3418 2595 3490 28,

412 3535 446 3593 3
458 3520 546 3594 3);
593 3514 831 3577 Aeacus
873 3517 968 3595 (O.
1005 3518 1185 3591 VIII,
1223 3537 1327 3597 42.
1385 3518 1436 3577 I.
1471 3517 1582 3590 IV,
1623 3519 1725 3591 28,
1766 3536 1866 3594 33.
1923 3515 1995 3574 P.
2022 3516 2203 3588 VIII,
2247 3516 2353 3591 28)
2382 3513 2600 3574 Peleus

411 3615 484 3690 (I.
519 3615 598 3688 V,
637 3635 739 3694 24.
775 3615 922 3690 VH,
959 3637 998 3694 4
1007 3619 1092 3695 5.)
1125 3615 1427 3675 Aeacidae
1461 3615 1561 3691 (N.
1600 3632 1656 3693 5,
1700 3618 1761 3693 7)
1796 3615 2031 3673 sodales
2061 3611 2249 3672 Aeaci
2281 3613 2379 3689 (N.
2416 3613 2596 3688 VIII,

411 3716 503 3792 9);
562 3713 664 3790 qui
712 3712 1206 3792 Argonautarum
1261 3712 1629 3792 expeditioni
1683 3713 2018 3772 intererant
2072 3711 2167 3789 (P.
2202 3711 2313 3784 IV,
2354 3713 2455 3788 36.
2495 3714 2596 3791 58.

420 3815 566 3899 199)
586 3807 653 3890 ²),
700 3813 801 3890 qui
849 3814 1009 3873 bella
1038 3818 1248 3874 contra
1276 3811 1568 3872 Troianos
1600 3811 1892 3888 gerebant
1925 3811 2000 3888 (I.
2028 3811 2107 3883 V,
2152 3826 2251 3887 27.
2278 3809 2348 3866 P.
2377 3810 2427 3882 Ι,
2460 3828 2493 3887 5
2504 3814 2594 3888 3);

557 4039 601 4109 ¹)
637 4037 769 4110 Frg.
811 4053 895 4108 51,
925 4038 1087 4094 Stob.
1125 4039 1243 4095 flor.
1281 4039 1541 4095 CXXIV.
1588 4053 1675 4106 15:

621 4116 978 4172 Ἀτελέστατα
1012 4118 1124 4193 γὰρ
1161 4124 1254 4172 καὶ
1292 4117 1556 4188 ἀμάχανα
1592 4117 1723 4173 τοὺς
1759 4115 2049 4172 θανόντας
2085 4115 2314 4170 κλαίειν.

409 4201 515 4269 frg.
557 4214 640 4266 52,
677 4200 811 4255 ibid.
850 4199 1112 4255 CXXVI.
1153 4214 1212 4267 5:
2094 4194 2105 4204 ⁶

629 4277 914 4336 Θανόντος
951 4277 1155 4354 ἀνδρὸς
1191 4276 1320 4332 πεῖθ’
1362 4276 1672 4333 ἀπόλλυται
1712 4275 1833 4331 ποτ’
1875 4275 2213 4353 ἀνθρώπων
2248 4276 2419 4352 χάρις.

557 4359 605 4431 ⁹)
638 4358 904 4429 Ὴμίθεοι
941 4361 1208 4432 appellati
1243 4360 1317 4415 ib.
1356 4379 1407 4415 v.
1454 4375 1534 4416 12.
1579 4364 1694 4427 184.
1736 4374 1853 4415 211.

2240 4448 2315 4504 3*
