3325 5392
1510 503 1528 513 a
1583 506 1589 513 -
1617 509 1625 516 ,
1766 493 1773 503 “

1569 532 1576 544 ⁸
1633 538 1641 548 ι

1597 550 1602 559 ι
1688 549 1703 560 a·

1553 565 1559 577 Ι
1643 566 1658 576 ι·
1715 578 1719 585 Ι
1746 561 1785 646 ‘6

668 748 779 806 scis
827 769 918 805 me
976 769 1044 806 ea
1097 749 1159 805 in
1206 748 1399 805 animo
1462 747 1709 816 habere,
1775 766 1927 822 quae
1982 730 2277 803 communi
2340 735 2856 822 ἐναγισμάτων

667 847 902 903 1101111110
973 846 1487 921 significabantur,
1549 864 1663 920 quo
1722 844 1906 902 verbo
1978 843 2435 921 opponebantur
2505 845 2856 917 superorum

669 944 916 1002 deorum
978 943 1160 1001 sacris
1223 943 1450 1002 θυσίαι
1505 943 1824 1020 appellatis
1850 937 1917 1017 1).
2027 939 2542 1015 Intellegebantur
2597 938 2701 996 illa
2753 958 2855 995 no-

670 1042 833 1099 tione
881 1040 1197 1098 libationes
1246 1046 1305 1099 et
1351 1041 1609 1112 hostiae;
1663 1040 1769 1097 sed
1814 1039 2335 1098 verisimillimum
2366 1037 2621 1107 videtur,
2673 1057 2856 1113 quon-

668 1140 784 1197 iam
832 1139 963 1196 aliis
1013 1158 1247 1216 quoque
1293 1139 1632 1196 numinibus
1680 1139 1988 1215 placentae
2035 1135 2519 1195 sacrificabantur
2544 1129 2611 1211 2),
2680 1136 2849 1193 etiam

669 1238 950 1295 heroibus
982 1258 1093 1315 pro
1127 1230 1496 1316 ἐναγίσμασι
1527 1237 1648 1294 liba
1681 1240 2025 1294 consecrata
2063 1254 2189 1292 esse
2214 1227 2281 1310 3).
2357 1233 2428 1291 E.
2464 1253 2522 1308 g.
2558 1231 2857 1309 Antipha-

668 1356 772 1393 nes
821 1337 942 1412 (ap.
979 1333 1205 1392 Athen.
1250 1334 1396 1406 VII,
1446 1351 1570 1411 309
1591 1333 1652 1410 d)
1702 1332 2000 1411 expressis
2056 1331 2255 1392 verbis
2309 1335 2567 1390 testatur
2622 1331 2856 1408 placen-

667 1439 761 1491 tas
809 1433 1087 1492 heroibus
1135 1433 1435 1491 dedicatas
1484 1452 1634 1490 esse:

996 1522 1125 1612 ἥκω
1172 1526 1545 1602 πολυτελῶς
1591 1519 1912 1610 άγοράσας
1956 1522 2049 1600 εἷς
2092 1522 2240 1601 τοὺς
2284 1524 2543 1609 γάμους,

992 1622 1341 1709 λιβανωτὸν
1387 1617 1612 1708 ὀβολοῦ
1659 1635 1791 1700 τοῖς
1838 1627 2023 1699 θεοῖς
2067 1623 2176 1686 καὶ
2220 1635 2361 1699 ταῖς
2406 1627 2598 1699 θεαῖς

989 1723 1281 1798 πάσαισι,
1329 1734 1463 1798 τοῖς
1507 1715 1565 1784 δ’
1615 1717 1808 1807 ἥρωσι
1853 1719 1935 1785 τὰ
1984 1715 2210 1805 ψαίστ’
2256 1715 2617 1804 ἀπονέμων.

669 1834 893 1892 Tamen
951 1855 1068 1910 quo
1123 1832 1297 1892 modo
1361 1834 1671 1910 placentae
1724 1832 1797 1890 iis
1859 1832 2095 1890 oblatae
2156 1832 2301 1902 sint,
2367 1837 2567 1890 utrum
2624 1852 2858 1898 concre-

671 1931 885 1990 mando
917 1952 1012 2003 an,
1052 1931 1211 2007 quod
1243 1932 1496 1989 fortasse
1543 1931 1793 2008 propius
1832 1929 1909 1988 ad
1955 1947 2163 1988 verum
2210 1929 2454 2000 accedit,
2504 1918 2858 1988 ‘xeniorum’

670 2031 792 2088 ritu
809 2025 878 2107 4),
927 2029 1217 2088 traditum
1264 2049 1384 2087 non
1431 2034 1538 2087 est.

847 2127 1004 2187 Utut
1063 2147 1160 2185 res
1221 2147 1284 2184 se
1347 2126 1557 2197 habet,
1632 2126 1784 2184 ritus
1848 2117 2283 2204 ἕναγισμάτων
2343 2125 2438 2183 1110
2508 2127 2632 2184 fere
2693 2131 2853 2184 erat:

669 2225 931 2302 profusis
978 2225 1362 2283 libationibus
1419 2225 1616 2282 hostia
1662 2221 2061 2293 mactabatur,
2127 2223 2215 2280 ita
2257 2227 2457 2282 tamen
2503 2228 2573 2282 ut
2618 2224 2859 2300 sanguis

669 2323 730 2381 in
776 2327 1001 2380 terram
1046 2323 1353 2394 influeret;
1408 2342 1523 2398 quo
1571 2322 1730 2379 facto
1779 2319 2053 2379 victimae
2100 2319 2354 2379 cadaver
2398 2326 2593 2379 totum
2640 2341 2859 2381 crema-

667 2421 848 2479 batur
865 2415 935 2496 9).
1030 2420 1106 2478 Id
1153 2421 1308 2477 enim
1355 2439 1466 2496 pro
1522 2423 1686 2477 certo
1734 2416 2115 2476 statuendum
2172 2422 2262 2475 est
2322 2417 2589 2493 homines
2656 2411 2858 2499 ἐναγί-

671 2536 882 2596 σματα
939 2518 1338 2576 sacrificantes
1385 2517 1623 2574 omnino
1673 2534 1791 2574 non
1838 2515 2167 2574 hostiarum
2214 2507 2390 2574 001110
2438 2517 2664 2575 fructos
2712 2537 2857 2589 esse,

668 2635 860 2691 neque
907 2616 1101 2674 facere
1133 2635 1394 2692 possum,
1445 2614 1587 2690 quin
1635 2614 1929 2690 obloquar
1960 2615 2089 2672 viro
2124 2614 2337 2671 eximio
2370 2613 2707 2687 Welckero,
2760 2616 2862 2692 qui

670 2705 808 2787 (ἂν.
851 2705 925 2772 Ga
969 2711 1071 2770 III
1113 2733 1174 2790 p.
1216 2712 1340 2787 248
1389 2711 1524 2770 adn.
1579 2714 1642 2787 2)
1690 2711 1794 2770 illa
1840 2711 2129 2769 sacrificia
2173 2717 2523 2789 consumpta
2567 2732 2689 2772 11011
2732 2732 2861 2773 esse

668 2816 868 2886 negat.
949 2809 1116 2868 Haec
1165 2829 1279 2881 res,
1323 2828 1475 2885 quae
1521 2828 1640 2866 non
1674 2809 1877 2887 paucis
1923 2813 2193 2868 veterum
2236 2808 2593 2868 testimoniis
2643 2808 2859 2888 proba-

819 3053 860 3121 ¹)
897 3051 982 3106 Ne
1019 3053 1226 3114 multus
1266 3053 1370 3106 sim
1408 3053 1465 3106 111
1491 3053 1593 3106 1100
1631 3071 1693 3106 10
1730 3054 2018 3107 notissima
2055 3054 2121 3107 cf.
2150 3071 2275 3107 cum
2314 3053 2451 3107 alios
2488 3071 2573 3107 vv.
2608 3053 2699 3107 dd.
2738 3057 2857 3107 tum

669 3135 728 3187 G.
767 3132 926 3198 Keil,
977 3133 1231 3187 Analect.
1282 3133 1454 3202 epigr.
1505 3137 1562 3186 et
1598 3133 1896 3187 onomatol.
1934 3151 1988 3202 p.
2028 3150 2113 3199 44.
2158 3163 2221 3174 —-
2271 3131 2357 3186 De
2395 3150 2531 3187 sexu
2582 3138 2641 3188 et
2676 3134 2860 3188 colore

667 3213 1019 3268 victimarum
1067 3213 1326 3266 heroibus
1373 3213 1787 3266 immolatarum
1837 3213 2058 3282 scripsit
2093 3213 2155 3266 P.
2196 3211 2441 3283 Stengel‚
2490 3213 2740 3284 Quaestt.
2779 3231 2860 3268 sa-

668 3293 835 3348 crific.
908 3292 1090 3346 Berol.
1139 3295 1289 3359 1879.
1345 3311 1397 3362 p.
1441 3307 1467 3358 5
1508 3297 1565 3346 et
1607 3307 1687 3346 12.

815 3371 860 3440 ²)
897 3370 984 3426 De
1033 3373 1300 3441 placentis
1346 3372 1653 3426 hostiarum
1702 3373 1823 3425 loco
1870 3372 2169 3426 immolatis
2204 3372 2346 3437 vide,
2394 3390 2535 3442 quae
2584 3373 2861 3443 congessit

668 3453 909 3518 Lobeck,
948 3452 1226 3522 Aglaoph.
1301 3451 1363 3506 Π
1398 3471 1452 3521 p.
1498 3455 1635 3505 1080
1674 3469 1790 3520 sqq.

817 3533 861 3601 ⁸)
898 3532 1130 3588 caseum
1158 3532 1472 3586 adhibitum
1498 3532 1664 3586 fuisse
1701 3533 1760 3586 in
1790 3532 1901 3586 illis
1939 3533 2107 3586 sacris
2132 3531 2391 3587 discimus
2429 3550 2498 3586 ex
2526 3536 2859 3586 testamento

668 3613 956 3682 Epictetae
985 3613 1045 3666 G.
1075 3612 1123 3665 Ι.
1151 3611 1248 3666 Gr.
1287 3631 1342 3666 n.
1372 3615 1525 3678 2448.
1566 3611 1669 3678 VI,
1707 3617 1739 3664 6
1772 3631 1901 3681 sqq:
1941 3611 1971 3664 ὁ
2000 3609 2059 3664 δὲ
2092 3611 2201 3665 τάν
2239 3610 2507 3685 δευτέραν
2530 3626 2646 3668 τοῖς
2684 3611 2860 3685 ἥρωσι

663 3696 893 3750 ,Φοίνικι
931 3696 1023 3743 καὶ
1056 3687 1352 3759 Ἐπικτήτᾳ
1393 3695 1598 3764 {spelm
1647 3697 1740 3744 καὶ
1780 3690 1900 3766 ἱεροὶ
1940 3690 2164 3748 ἐλλύτας
2213 3695 2271 3744 ἐκ
2306 3693 2559 3766 [π]υρῶ’ν
2594 3696 2859 3757 χοινίκωτ

670 3777 836 3824 πέντε
885 3775 978 3823 καὶ
1026 3774 1196 3844 τυροῦ
1247 3791 1498 3844 καπυρου
1550 3775 1839 3845 στατῆρος.
1926 3773 2007 3827 Cf.
2051 3771 2258 3826 Athen.
2316 3771 2422 3838 IV,
2483 3787 2639 3839 137e.
2714 3771 2861 3826 Vide

670 3853 836 3906 etiam
873 3851 936 3905 P.
975 3850 1220 3942 Stengel,
1259 3852 1463 3905 Annal.
1502 3852 1691 3921 philol.
1739 3855 1871 3904 1882
1912 3853 2064 3920 (125)
2101 3869 2154 3921 p.
2195 3855 2315 3918 672.

751 3963 756 3972 =
814 3931 862 3999 ⁴)
899 3929 986 3986 De
1021 3931 1196 3984 xeniis
1233 3931 1360 3985 vide
1397 3932 1544 3984 infra
1581 3949 1705 4000 pag.
1748 3935 1778 3983 8
1818 3949 1936 4000 sqq.

815 4013 861 4081 ³)
906 4011 975 4066 Id
1037 4011 1185 4079 quod
1240 4009 1612 4078 ὁλοκαύτωμα
1662 4011 2040 4080 appellabant,
2097 4011 2163 4064 cf.
2214 4011 2455 4080 Hesych.
2508 4012 2663 4066 Suid.
2715 4029 2755 4065 s.
2806 4031 2856 4066 v.

671 4097 1014 4164 ἐναγίσματα
1053 4111 1064 4123 ·
1112 4089 1576 4158 ὁλοκαυτώματα.
1660 4091 1807 4147 Vide
1846 4091 2114 4161 Porphyr.
2154 4094 2206 4146 d.
2246 4093 2445 4146 abstin.
2519 4091 2605 4156 II,
2662 4105 2728 4158 54
2766 4093 2857 4160 (-—-

671 4173 871 4228 Euseb.
910 4172 1106 4240 Praep.
1145 4171 1246 4224 Ev.
1275 4169 1377 4236 IV,
1424 4173 1540 4238 16):
1582 4177 1674 4222 καὶ
1714 4171 1887 4226 οὕτως
1924 4168 2099 4224 αὐτὸν
2136 4172 2440 4240 (hominem
2466 4171 2858 4240 sacrificatum)

671 4257 764 4306 ἐπὶ
809 4251 915 4318 τὴν
963 4252 1276 4318 νησθετσαν
1323 4249 1511 4322 πυρὰν
1561 4250 1947 4317 ὦλοκαῦτιζεεν.
2021 4251 2168 4306 Plut.
2220 4251 2469 4321 Sympos.
2524 4250 2637 4316 VI,
2696 4254 2745 4316 8,
2802 4267 2855 4304 1:

675 4337 986 4403 Σμυρναῖοι
1026 4371 1038 4383 .
1081 4370 1092 4382 .
1131 4330 1337 4383 θύουσι
1377 4331 1745 4403 Βουβρώστει
1790 4335 2003 4408 ταῦρον
2042 4330 2257 4403 μέλανα
2308 4336 2400 4384 καὶ
2438 4328 2859 4407 κατακόψαντες

673 4409 986 4488 αὐτόδορον
1022 4410 1435 4467 ὁλοκαυτοῦσιν.
