3325 5392
1786 525 1867 602 36

727 683 956 742 Locrus
995 668 1204 743 auctor
1231 683 1560 743 Locrorum
1600 685 1798 761 gentis
1840 669 1932 764 (O.
1966 681 2084 758 IX,
2120 703 2159 763 9
2166 685 2252 766 5);
2306 683 2587 766 Aepytus
2618 683 2916 748 Arcadiae

728 804 835 841 rex
868 781 959 862 (Ο.
987 783 1100 855 VI,
1133 802 1167 860 3
1177 782 1262 862 3);
1308 780 1674 842 Aristoteles
1716 784 1989 843 conditor
2028 783 2301 860 Cyrenae
2340 784 2432 864 (P.
2467 785 2543 858 V,
2574 788 2707 865 95);
2752 785 2913 845 deni-

729 901 844 957 que
884 878 1284 959 Aesculapius
1325 881 1416 960 (P.
1451 881 1570 955 IH,
1611 882 1691 961 7).

904 990 1161 1049 Praeter
1205 987 1315 1046 hos
1362 989 1458 1046 vel
1499 987 1755 1050 maxima
1799 990 2119 1049 multitudo
2160 1009 2363 1049 eorum
2404 993 2911 1064 commemoratur,

730 1089 833 1164 qui
883 1108 1240 1165 quamquam
1290 1106 1409 1144 non
1460 1087 1683 1146 diserte
1730 1087 1942 1146 heroes
1992 1087 2266 1162 audiunt,
2332 1095 2533 1148 tamen
2582 1089 2706 1148 sive
2755 1090 2915 1166 quod

727 1186 936 1244 iisdem
981 1184 1351 1263 temporibus
1393 1186 1834 1258 attribuuntur,
1893 1186 2017 1246 sive
2058 1187 2219 1262 quod
2272 1186 2485 1246 iisdem
2524 1187 2741 1247 fabulis
2781 1207 2913 1248 con-

725 1285 1080 1361 iunguntur,
1136 1305 1204 1342 eo
1245 1284 1483 1342 nomine
1520 1283 1870 1343 honorandi·
1898 1290 2062 1358 sunt;
2110 1305 2259 1362 quos
2301 1284 2539 1362 quidem
2576 1284 2674 1344 hic
2714 1307 2915 1345 recen·

729 1403 859 1441 sere
899 1390 960 1442 et
997 1384 1243 1460 longum
1286 1389 1345 1442 et
1385 1383 1596 1442 inutile
1639 1387 1756 1454 est,
1816 1403 1947 1442 cum
1998 1383 2297 1444 sufficiant
2347 1383 2618 1462 exempla
2656 1385 2911 1463 prolata.

727 1482 856 1541 Iam
897 1483 1084 1558 igitur
1126 1502 1194 1540 eo
1236 1483 1529 1561 processit
1569 1503 1692 1554 res,
1750 1486 1819 1539 ut
1859 1502 1979 1540 non
2020 1483 2211 1541 solum
2252 1482 2356 1559 qui
2394 1482 2470 1541 ad
2508 1481 2725 1542 Troiae
2765 1479 2913 1541 'Phe-

727 1579 1054 1656 barumque
1102 1585 1310 1658 portas
1368 1581 1547 1640 rebus
1587 1579 2063 1659 praeclarissime
2114 1581 2301 1658 gestis
2352 1581 2747 1653 excellebant,
2810 1581 2914 1640 sed

728 1698 948 1751 omneS,
995 1679 1070 1737 de
1110 1678 1324 1756 quibus
1355 1679 1550 1756 gentis
1592 1678 1852 1738 familiae
1884 1677 2141 1738 civitatis
2182 1679 2393 1758 oppidi
2422 1679 2569 1738 artis
2602 1677 2916 1738 cuiuslibet

727 1776 990 1853 mythica
1029 1777 1198 1855 origo
1241 1777 1640 1850 derivabatur,
1686 1776 1749 1834 in
1786 1775 2033 1836 heroum
2063 1797 2310 1838 numero
2342 1778 2721 1850 ducerentur,
2757 1776 2915 1855 quod

728 1880 1016 1950 quantum
1069 1875 1252 1935 distet
1315 1876 1390 1934 ab
1445 1875 1700 1934 Hesiodi
1762 1874 2073 1948 sententia,
2140 1897 2252 1954 per
2308 1897 2370 1936 se
2431 1880 2616 1955 patet.
2740 1875 2915 1935 Hanc

727 1972 974 2030 heroum
1006 1973 1255 2051 copiam,
1302 1995 1418 2051 qua
1456 1974 1695 2034 iamiam
1732 1979 1865 2033 tota
1894 1971 2145 2034 Graecia
2185 1974 2553 2048 abundabat,
2606 1995 2799 2052 neque
2838 1974 2913 2034 ad

725 2069 990 2128 homines
1041 2092 1233 2148 neque
1283 2074 1359 2132 ad
1408 2074 1550 2132 deos
1599 2071 1929 2152 pertinere,
1982 2093 2190 2132 verum
2236 2072 2299 2130 in
2347 2073 2543 2132 medio
2581 2075 2777 2133 locum
2812 2073 2914 2152 ha-

725 2169 925 2227 buisse
965 2174 1033 2228 ut
1074 2170 1571 2243 demonstremus,
1626 2171 1746 2230 iam
1786 2191 1906 2230 non
1948 2171 2138 2230 coacti
2178 2190 2378 2230 sumus
2420 2171 2615 2248 longis
2653 2169 2913 2248 ambagi-

725 2268 838 2325 bus
880 2268 1123 2327 obnoxii
1164 2270 1557 2329 semideorum
1598 2289 1813 2328 nomen
1854 2289 2179 2342 arcessere3
2224 2267 2354 2346 ipse
2392 2275 2573 2347 poeta
2604 2289 2711 2328 nos
2742 2269 2915 2328 docet

729 2367 891 2442 quod
928 2367 1224 2440 volumus3
1271 2369 1344 2427 cf.
1380 2366 1450 2426 Ο.
1484 2367 1570 2440 Π,
1613 2385 1676 2429 2:
1712 2368 1855 2428 τίνα
1886 2361 2064 2439 θεὸν,
2100 2357 2221 2428 τίν’
2252 2355 2447 2450 ἥρωα,
2482 2367 2623 2428 τίνα
2655 2355 2913 2450 δ’ἆνᾶρα

725 2459 1150 2548 κελαδήσομεν
1163 2485 1185 2537 ,·
1261 2465 1418 2525 Vide
1475 2467 1653 2524 etiam
1698 2465 1769 2524 P.
1827 2465 2010 2538 VIII,
2066 2482 2141 2543 27
2202 2485 2290 2542 sq.
2298 2509 2312 2538 ,
2370 2465 2476 2524 ubi
2529 2471 2915 2545 opponuntur

725 2563 936 2621 heroes
975 2570 1156 2640 atque
1196 2563 1328 2623 viri.
1683 2569 1692 2575 '

902 2669 1096 2730 Porro
1129 2671 1191 2730 id
1220 2671 1282 2729 in
1325 2669 1731 2747 quaestionem
1770 2671 1909 2728 licet
1948 2683 2177 2742 vocare,
2225 2690 2342 2746 quo
2374 2671 2504 2729 loco
2535 2669 2746 2729 heroes
2778 2676 2917 2748 post

726 2774 977 2826 mortem
1017 2768 1354 2828 habitantes
1411 2773 1800 2846 putarentur;
1853 2789 1989 2827 nam
2045 2789 2239 2845 neque
2283 2769 2583 2827 Pindarus
2636 2789 2736 2828 eos
2784 2769 2917 2827 dira

726 2866 1017 2924 moriendi
1047 2867 1398 2926 necessitate
1432 2867 1634 2939 solvit,
1671 2886 1880 2925 verum
1907 2866 2108 2943 potius
2141 2871 2405 2925 mortuos
2438 2867 2671 2924 demum
2700 2867 2914 2926 heroas

724 2964 1002 3023 habuisse
1042 2966 1296 3038 videtur,
1342 2966 1415 3025 cf.
1458 2965 1639 3042 Pyth.
1687 2965 1762 3038 V,
1809 2984 1894 3043 94
1926 2983 2044 3040 sq.:

1149 3114 1366 3200 μάκαρ
1409 3111 1525 3194 μὲν
1570 3105 1814 3198 ἀνδρῶν
1857 3117 2023 3194 μέτα

1153 3209 1384 3285 ἔναιεν,
1433 3203 1600 3297 ἥρως
1643 3202 1989 3274 δ’ἕπειτα
2036 3209 2341 3297 λαοσεβής
2358 3209 2442 3292 ¹);

726 3395 918 3452 neque
958 3376 1234 3453 populus,
1281 3374 1376 3433 cui
1414 3374 1503 3433 rei
1544 3373 1897 3432 documento
1940 3377 2030 3432 est
2071 3393 2288 3450 magna
2325 3372 2572 3432 heroum
2613 3375 2913 3452 sepulcro-

726 3494 858 3531 rum
891 3473 1230 3546 multitudo,
1277 3473 1441 3532 cuius
1483 3477 1688 3530 noster
1719 3471 2077 3530 mentionem
2114 3471 2274 3530 fecit.
2337 3469 2546 3547 Atque
2586 3476 2655 3530 ut
2694 3473 2757 3529 in
2786 3473 2914 3531 uni-

725 3592 962 3630 versum
1003 3592 1103 3631 eos
1144 3573 1205 3630 in
1248 3570 1402 3630 Orco
1443 3569 1667 3630 morari
1705 3570 2047 3646 intellegaS,
2092 3570 2373 3648 inspicias
2414 3570 2589 3628 modo
2631 3570 2681 3629 I.
2728 3569 2909 3642 Vm,

729 3688 808 3750 55
838 3691 925 3747 sq.
989 3671 1059 3730 P.
1088 3670 1206 3744 XI,
1239 3687 1312 3731 21
1347 3689 1435 3746 sq.
1471 3669 1592 3740 all„
1627 3669 1843 3746 quibus
1875 3668 2019 3726 locis
2052 3669 2361 3741 succurrit,
2399 3669 2561 3746 quod
2588 3669 2803 3728 heroas
2836 3668 2913 3728 ad

726 3770 1000 3846 sepulcra
1039 3769 1413 3847 potissimum
1455 3769 1645 3827 cultos
1688 3789 1817 3826 esse
1847 3767 2147 3826 Pindarus
2187 3767 2317 3846 ipse
2348 3767 2485 3846 plus
2518 3767 2701 3826 semel
2731 3771 2912 3826 testa·

724 3873 842 3925 tur.
906 3867 1093 3926 Pauci
1123 3888 1330 3927 verum
1360 3868 1422 3925 in
1451 3867 1767 3926 beatorum
1796 3865 2006 3925 insulis
2038 3863 2312 3924 collocati
2344 3871 2906 3925 commemorantur:

725 3965 1218 4043 Rhadamanthys
1249 3965 1505 4026 Cadmus
1537 3964 1757 4023 Peleus
1784 3961 2055 4022 Achilles
2088 3962 2181 4039 (O.
2217 3964 2302 4037 II,
2351 3965 2469 4026 126
2503 3967 2682 4042 sqq.),
2720 3984 2751 4022 e
2786 3964 2911 4040 qui-

875 4211 916 4279 ¹)
953 4209 1136 4264 Probe
1165 4193 1352 4264 teneas
1386 4209 1494 4263 hoc
1531 4226 1646 4264 esse
1680 4209 1925 4278 primum
1962 4208 2181 4264 disertis
2218 4208 2401 4264 verbis
2437 4210 2716 4278 prolatum
2754 4209 2909 4264 testi-

725 4291 974 4346 monium
1019 4291 1468 4354 consecrationiS,
1519 4307 1629 4358 qua
1676 4290 1765 4344 vir
1810 4295 2096 4360 praestans
2145 4292 2201 4343 et
2248 4289 2471 4358 quidem
2520 4289 2740 4356 ’πιστῆς
2787 4295 2913 4360 post

724 4376 957 4427 mortem
997 4373 1156 4426 heros
1194 4371 1370 4424 factus
1408 4371 1494 4425 sit.
