3325 5392
1784 517 1869 568 20

739 661 1057 723 honoravit
1110 661 1478 734 Patroclum,
1547 661 1710 721 aliud
1760 662 1835 720 iis
1898 666 2039 740 post
2102 661 2314 720 funera
2375 659 2615 739 saepius
2676 659 2919 740 pietatis

736 759 934 820 officia
975 761 1226 820 reddere
1245 757 1314 838 ¹).

909 859 1142 920 Verum
1184 864 1386 920 tamen
1418 858 1611 937 prima
1640 857 1901 936 vestigia
1942 857 2115 918 nobis
2162 877 2492 930 occurrere,
2542 857 2759 936 quibus
2798 857 2917 920 iam

736 957 840 1016 illa
870 962 1065 1016 aetate
1096 979 1298 1017 manes
1327 959 1520 1018 cultos
1565 977 1695 1018 esse
1738 955 2051 1027 indicetur,
2099 955 2261 1016 haud
2299 954 2613 1033 quisquam
2650 957 2912 1033 negabit,

735 1054 838 1134 qui
883 1055 1214 1116 accuratius
1245 1077 1374 1116 cam
1405 1054 1707 1132 Odysseae
1753 1060 1988 1133 partem
2031 1053 2383 1131 inspexerit,
2429 1074 2607 1131 quam
2651 1055 2915 1132 necyiam

732 1154 996 1232 priorem
1057 1175 1272 1215 vocare
1335 1155 1542 1214 solent.
1634 1153 1792 1215 Nam
1853 1151 2113 1230 primum
2176 1150 2417 1229 quidem
2480 1151 2585 1212 vix
2637 1173 2915 1230 magnum

734 1252 962 1312 videbis
1031 1253 1346 1312 discrimen
1413 1251 1572 1310 inter
1635 1271 1801 1323 eum,
1876 1271 1995 1328 quo
2065 1248 2275 1310 Ulixes
2343 1251 2597 1310 mortuis
2670 1251 2915 1312 inferias

737 1357 1060 1424 consecrat,
1108 1351 1349 1411 modum
1381 1356 1442 1408 et
1485 1349 1671 1422 illum,
1720 1370 1896 1428 quem
1927 1347 2202 1422 Graecos,
2243 1354 2312 1408 ut
2357 1349 2514 1408 cives
2558 1369 2672 1428 pro
2718 1350 2915 1430 patria

733 1451 888 1509 bello
942 1449 1185 1508 Persico
1240 1453 1506 1508 mortuos
1561 1447 1824 1508 Plataeis
1878 1447 2268 1519 honorarent,
2336 1467 2524 1524 usque
2587 1449 2667 1508 ad
2727 1448 2913 1527 ipsius

733 1554 1010 1626 tempora
1055 1553 1287 1607 secutos
1333 1567 1460 1606 esse
1505 1547 1865 1607 Plutarchus
1911 1543 2227 1604 memoriae
2270 1543 2537 1622 prodidit
2552 1540 2623 1624 ²).

910 1645 1064 1704 Tum
1108 1644 1265 1717 inde,
1315 1645 1476 1722 quod
1520 1643 1873 1702 Homericae
1919 1641 2161 1716 animas,
2212 1642 2318 1700 ubi
2362 1644 2711 1722 sanguinem
2757 1647 2914 1706 obla-

733 1749 866 1805 tum
911 1742 1304 1820 gustaverint,
1352 1748 1608 1802 mentem
1651 1761 2012 1819 recuperare
2058 1741 2330 1800 audimus
2377 1737 2458 1817 (λ,
2509 1745 2613 1822 98.
2675 1762 2789 1824 ι47
2826 1767 2911 1824 sq.

743 1859 862 1920 153
921 1862 1008 1919 sq.
1071 1842 1218 1902 228.
1285 1844 1466 1920 390),
1544 1839 1827 1920 perfacile
1891 1837 2245 1899 coniciemus
2307 1839 2381 1898 iis
2446 1841 2626 1902 etiam
2680 1843 2915 1923 saepius

732 1939 1218 1998 iucundissimum
1262 1939 1411 1998 illud
1454 1940 1724 2000 levamen
1770 1937 2035 1996 oblatum
2083 1958 2229 1997 esse.
2322 1939 2477 1998 Nam
2518 1959 2650 2000 cum
2688 1941 2915 2002 animae

732 2037 915 2117 ipsae,
976 2037 1201 2118 quippe
1267 2057 1418 2116 quae
1473 2037 1548 2096 ad
1613 2037 1854 2096 foveam‘
1902 2035 2191 2112 sanguine
2254 2037 2545 2116 repletam
2592 2039 2915 2122 ‚tendentes

736 2135 1014 2215 sitimque
1061 2135 1271 2195 sedare
1317 2135 1624 2214 cupientes
1668 2155 1787 2193 non
1826 2133 1942 2192 nisi
1979 2135 2179 2211 gladio
2211 2134 2506 2194 destricto
2528 2137 2911 2216 repellantur,

733 2235 986 2294 doceant
1031 2233 1378 2310 sanguinem
1423 2233 1498 2292 ab
1552 2233 1626 2292 iis
1682 2231 2019 2312 appetitum
2044 2301 2051 2308 ,
2073 2238 2253 2312 atque
2307 2254 2373 2292 re
2428 2254 2573 2294 vera
2626 2235 2915 2295 levamen-

731 2338 860 2392 tum
890 2331 1160 2392 habitum
1193 2353 1337 2404 esse,
1390 2353 1496 2391 cur
1526 2352 1642 2391 non
1683 2332 1989 2391 credemus
2021 2331 2359 2405 familiares,
2395 2319 2505 2410 qui⁴
2525 2332 2637 2392 hoc
2676 2333 2912 2406 scirent,

733 2451 832 2490 eos
884 2430 1102 2490 iterum
1157 2435 1336 2508 atque
1393 2430 1628 2508 saepius
1682 2431 1794 2489 hoc
1848 2429 2023 2488 modo
2080 2429 2405 2490 delectasse
2460 2437 2525 2491 et
2573 2431 2915 2492 recreasse?

732 2527 958 2588 Tamen
1011 2528 1148 2587 huic
1204 2529 1294 2587 rei
1346 2529 1630 2588 maiorem
1686 2551 1863 2607 quam
1918 2526 2290 2588 coniecturae
2352 2528 2530 2587 fidem
2593 2529 2915 2608 adiungere

730 2647 848 2686 non
881 2626 1037 2699 licet,
1087 2625 1442 2704 praesertim
1489 2647 1638 2700 cum,
1690 2648 1807 2705 quo
1841 2627 2125 2707 pauciora
2170 2632 2326 2699 sunt,
2378 2645 2528 2704 quae
2572 2628 2911 2701 traduntur,

733 2745 800 2784 eo
848 2724 1039 2802 magis
1086 2724 1413 2784 cavendum
1459 2725 1554 2796 sit,
1604 2745 1680 2783 ne
1725 2727 1902 2802 plura
1947 2725 2085 2782 inde
2132 2723 2494 2802 colligamus·
2622 2715 2626 2722 ’

881 2971 922 3038 ¹)
958 2969 1038 3024 Et
1069 2968 1389 3024 memineris
1419 2968 1717 3038 Pisistrati,
1767 2970 2017 3028 Nestoris
2052 2968 2171 3036 filii,
2220 2969 2289 3024 de
2338 2969 2574 3024 mortuis
2623 2971 2793 3026 verba
2834 2968 2913 3040 (δ,

738 3067 834 3118 197
873 3053 1006 3121 sq.):

1013 3133 1181 3184 ’τοῦτο
1220 3150 1286 3181 νυ
1323 3133 1416 3181 καὶ
1449 3134 1612 3203 γέρας
1649 3131 1774 3184 οἷον
1810 3126 2078 3204 ὀιζυροῖσι
2115 3134 2411 3202 βροτοῖσιν

1014 3209 1318 3284 κείρασθαί
1351 3229 1414 3261 τε
1452 3208 1632 3278 κόμην
1669 3210 1896 3280 βαλέειν
1931 3205 1983 3262 τ’
2020 3205 2133 3262 ἀπὸ
2174 3207 2349 3283 δάκρυ
2387 3211 2657 3284 παρειῶν.

729 3293 798 3348 of.
837 3296 912 3352 II,
952 3305 1082 3358 455:

1013 3371 1164 3424 ἔνθα
1201 3371 1229 3422 ἑ
1263 3368 1600 3444 ταρχύσουσι
1637 3375 1964 3440 κασιγνητοί
1997 3390 2059 3422 τε
2096 3371 2219 3424 ἔται
2252 3391 2316 3424 τε

1013 3449 1216 3520 τύμβῳ
1253 3470 1316 3502 τε
1353 3447 1526 3517 στήλῃ
1563 3470 1626 3502 τε
1663 3469 1679 3482 ·
1715 3447 1782 3501 τὸ
1820 3448 1931 3524 γὰρ
1966 3453 2130 3524 γέρας
2167 3453 2284 3503 ἐστὶ
2319 3447 2651 3503 θανόντων.

875 3542 922 3611 ²)
960 3541 1043 3597 Of.
1077 3539 1310 3596 Aristid.
1349 3557 1470 3610 cap.
1506 3534 1667 3594 XXI.
1757 3540 1937 3610 Quam
1976 3539 2211 3594 similem
2262 3538 2475 3596 libandi
2522 3539 2913 3594 caerimoniam

727 3621 1114 3678 disertioribus
1138 3619 1324 3675 verbis
1350 3618 1657 3688 Aeschylus
1684 3619 1966 3674 describat
1988 3617 2165 3688 (Pas.
2191 3622 2293 3672 608
2320 3621 2482 3688 sqq.)‚
2506 3619 2567 3673 in
2590 3620 2913 3675 memoriam

728 3719 987 3756 revocare
1023 3719 1160 3771 opus
1197 3718 1310 3754 non
1347 3703 1444 3754 est.
1519 3699 1600 3754 Ut
1641 3703 1827 3754 autem
1882 3699 2169 3769 intellegas
2188 3741 2200 3765 ,
2245 3704 2589 3770 quantopere
2634 3700 2914 3770 paulisper

727 3787 878 3836 totus
905 3783 1048 3835 ritus
1079 3785 1323 3836 mutatus
1349 3781 1436 3846 sit,
1473 3781 1600 3836 vide
1623 3781 1803 3846 modo,
1844 3797 1985 3850 quae
2012 3781 2082 3834 de
2112 3779 2288 3834 foveis-
2318 3780 2378 3833 in
2402 3779 2616 3834 inferiis
2652 3779 2915 3835 adhibitis

727 3863 1003 3934 congessit
1037 3861 1332 3931 Stephani,
1373 3861 1829 3931 Gompte·Remlu
1873 3864 1969 3913 186
1976 3874 2021 3927 5.
2060 3879 2114 3929 p.
2148 3865 2180 3912 6
2211 3878 2331 3930 sqq.
2369 3891 2439 3901 —
2486 3860 2680 3916 Obiter
2716 3878 2914 3916 moneo

729 3943 950 3998 Ulixem
987 3941 1309 4010 sodalesque
1344 3941 1480 3996 haec
1517 3958 1672 3994 sacra
1696 3945 1968 3994 nocturno
2005 3940 2267 3994 obtulisse
2293 3945 2573 4010 tempore:
2610 3945 2791 3996 totum
2813 3959 2916 4011 per

729 4023 876 4077 diem
913 4023 1055 4077 vecti
1093 4039 1216 4076 cum
1254 4025 1380 4091 post
1416 4021 1546 4075 solis
1584 4037 1839 4074 occasum
1876 4020 2192 4090 appulerint
2228 4017 2301 4088 (λ,
2348 4035 2407 4073 12
2446 4023 2573 4091 sq.)‚
2618 4022 2805 4076 statim
2842 4023 2915 4076 ad

727 4101 1066 4156 destinatum
1120 4103 1302 4155 locum
1355 4101 1592 4170 profecti
1645 4100 1875 4154 inferias
1928 4100 2227 4154 instituunt
2280 4102 2357 4170 (v.
2408 4116 2477 4154 20
2524 4105 2685 4171 sqq.)‚
2768 4101 2914 4156 Tum

727 4199 892 4250 opere
935 4185 1164 4251 peracto
1206 4181 1320 4234 sive
1358 4181 1552 4234 eadem
1598 4184 1761 4234 nocte
1808 4181 1923 4236 sive
1960 4184 2183 4251 postero
2232 4181 2321 4236 die
2356 4180 2437 4235 ita
2484 4183 2555 4235 ad
2590 4181 2788 4238 Circae
2829 4183 2913 4235 in-

727 4262 904 4316 sulam
957 4266 1312 4316 revertuntur
1325 4301 1339 4325 ‚
1388 4265 1452 4313 ut
1507 4277 1646 4314 nave
1700 4261 1931 4330 appulsa
1975 4261 2311 4316 dormientes
2361 4261 2602 4330 primam
2656 4279 2913 4316 auroram

727 4346 988 4396 maneant
1024 4344 1108 4412 (μ,
1147 4345 1179 4393 6
1216 4343 1338 4410 sq.).
