3325 5392
1712 485 1796 548 30

667 651 738 689 ea
779 652 845 690 re
883 651 1004 689 non
1043 628 1378 689 desinebat.
1445 628 1600 690 Nam
1639 648 1761 687 non
1800 649 1942 690 sane
1982 630 2124 706 quia
2161 629 2224 689 in
2254 629 2461 707 Elysio
2492 629 2852 703 habitarent,

663 729 1011 788 colebantur
1051 729 1291 800 heroes,
1353 733 1561 786 contra
1611 726 1774 805 quod
1819 727 2042 788 maiore
2090 729 2378 806 religione
2418 728 2851 802 afficiebantur,

662 849 732 887 ea
777 828 850 886 de
894 848 1075 887 causa
1115 827 1178 884 in
1221 825 1478 903 egregiis
1507 826 1652 884 locis
1684 846 1831 904 prae
1864 826 2079 886 ceteris
2110 829 2359 886 mortuis
2391 827 2664 887 habitare
2694 829 2855 888 vide-

663 927 902 985 bantur.
996 925 1133 984 Hoc
1198 923 1438 1001 quidem
1498 923 1673 982 modo
1746 923 1971 1003 optime
2040 925 2330 1003 explicari
2398 926 2545 984 mihi
2616 927 2855 986 videtur

662 1025 1052 1096 necessitudO,
1081 1043 1234 1100 quae
1266 1021 1587 1080 intercedit
1617 1021 1776 1080 inter
1805 1022 2052 1082 heroum
2084 1023 2147 1082 in
2169 1022 2377 1100 Elysio
2409 1025 2854 1084 collocationem

663 1128 725 1182 et
769 1144 973 1181 eorum
1013 1121 1089 1180 ad
1129 1121 1407 1199 sepulcra
1446 1120 1695 1192 cultum3
1752 1125 1933 1196 atque
1974 1121 2163 1193 doleo,
2210 1123 2372 1197 quod
2401 1123 2596 1182 virum
2636 1124 2853 1181 incom-

665 1221 994 1299 parabilem
1036 1220 1418 1278 Welckerum
1457 1217 1520 1275 in
1561 1238 1631 1277 ea
1672 1238 1739 1276 re
1780 1217 1949 1295 sequi
1988 1239 2109 1278 non
2150 1239 2419 1298 possum,
2478 1221 2637 1298 quod
2678 1225 2854 1298 putat

667 1313 808 1396 (Gr.
849 1314 924 1380 G.
960 1319 1080 1390 HI,
1124 1318 1274 1394 287)
1317 1316 1570 1374 alteram
1611 1317 1968 1382 sententiam
2007 1316 2071 1375 in
2112 1319 2361 1377 alteram
2407 1323 2696 1377 mutatam
2729 1339 2855 1379 esse

665 1424 726 1476 et
766 1417 1006 1495 quidem
1047 1417 1318 1475 consulto
1361 1415 1765 1492 cogitateque:
1809 1420 2064 1492 utraque
2106 1416 2349 1475 extabat
2378 1436 2498 1474 uno
2532 1416 2855 1493 eodemque

661 1523 951 1594 tempore,
996 1516 1101 1574 sed
1141 1515 1288 1573 haec
1329 1514 1497 1590 vulgi
1537 1519 1598 1571 et
1636 1513 1945 1588 religionis
1986 1519 2133 1586 erat,
2177 1520 2492 1592 poetarum
2530 1515 2652 1574 illa.

843 1612 1218 1690 Quamquam
1266 1612 1454 1689 igitur
1502 1612 1576 1669 de
1629 1612 1793 1670 cultu
1834 1611 2114 1670 heroibus
2155 1612 2357 1671 oblato
2397 1613 2625 1671 nullum
2672 1612 2855 1672 diser-

666 1717 794 1772 tum
835 1712 1085 1772 verbum
1115 1710 1417 1770 Hesiodus
1457 1710 1615 1782 fecit,
1659 1716 1861 1768 tamen
1902 1731 1975 1768 ex
2004 1709 2079 1768 iis
2111 1710 2401 1782 omnibus,
2449 1731 2601 1787 quae
2631 1712 2858 1789 protuli

665 1812 738 1870 de
783 1810 1063 1874 heroibus
1105 1815 1165 1868 et
1217 1808 1488 1868 semideis
1539 1815 1600 1868 et
1639 1809 1889 1885 Elysiis,
1942 1808 2086 1866 mihi
2138 1808 2377 1885 quidem
2425 1829 2603 1886 quam
2653 1812 2855 1868 certis-

666 1909 812 1968 sime
854 1914 1128 1970 constare
1169 1907 1425 1979 videtur,
1469 1913 1538 1966 ut
1577 1907 1934 1983 cyclicorum
1974 1907 2061 1966 ita
2092 1906 2347 1966 Hesiodi
2377 1907 2589 1967 heroas
2621 1909 2855 1986 religio-

666 2009 758 2066 nis
798 2006 1125 2065 honoribus
1167 2006 1380 2083 dignos
1418 2004 1656 2065 habitos
1702 2027 1847 2066 esse.

847 2104 1021 2179 Quod
1051 2110 1250 2164 autem
1289 2104 1396 2162 hos
1427 2104 1684 2163 honores
1726 2106 1821 2164 vel
1863 2127 1936 2163 ex
1976 2124 2094 2164 uno
2135 2103 2239 2162 illo
2272 2101 2527 2163 Achillis
2564 2106 2851 2183 exemp10,

665 2204 825 2282 quod
871 2203 1118 2262 laudare
1173 2208 1558 2280 potueramus
1573 2245 1591 2275 ,
1643 2203 1869 2262 inferos
1918 2202 2100 2261 fuisse
2152 2202 2378 2275 evadit,
2430 2203 2568 2261 inde
2618 2204 2855 2262 omnino

667 2303 759 2370 his
813 2301 1185 2381 temporibus
1240 2307 1506 2360 mortuos
1562 2301 1752 2360 cultos
1808 2322 1935 2360 esse
2000 2299 2269 2378 quamvis
2331 2321 2443 2378 per
2504 2322 2568 2360 se
2629 2308 2852 2380 pateat,

663 2406 864 2460 tamen
888 2398 1155 2477 apertius
1180 2400 1249 2458 fit
1279 2421 1352 2458 ex
1375 2399 1564 2477 ipsius
1587 2399 1842 2459 Hesiodi
1866 2400 2084 2472 verbis,
2121 2398 2338 2477 quibus
2362 2399 2623 2477 primum
2652 2421 2855 2459 secun-.

664 2499 806 2558 dum
845 2498 1090 2557 tertium
1135 2498 1439 2557 hominum
1477 2519 1668 2576 genus
1712 2498 2015 2557 describit.
2080 2498 2233 2558 Nam
2276 2518 2448 2556 nemo
2489 2498 2665 2557 hodie
2695 2500 2856 2557 inveae

667 2599 849 2670 nitur,
904 2598 1007 2674 qui
1048 2597 1132 2654 ibi
1181 2597 1441 2656 manium
1491 2596 1686 2655 cultus
1735 2597 1989 2673 vestigia
2036 2598 2223 2655 latere
2284 2603 2489 2674 neget,
2552 2617 2727 2675 quam
2781 2597 2855 2655 ad

664 2718 792 2763 rem
821 2695 1195 2774 probandam
1225 2694 1370 2752 satis
1402 2694 1593 2753 habeo
1626 2695 2031 2768 novissimum,
2076 2695 2179 2772 qui
2209 2694 2320 2752 hoc
2353 2697 2851 2768 commemoravit,

671 2800 975 2854 auctorem
1015 2815 1072 2852 v.
1116 2792 1174 2851 (1.
1217 2789 1299 2850 A.
1344 2791 1675 2851 Mommsen
1692 2789 1741 2870 1)
1782 2793 2015 2852 afferre.

843 2892 897 2950 E
942 2891 1505 2968 genealogicis
1563 2892 2083 2965 carminibus,
2136 2891 2209 2950 de
2260 2891 2473 2969 quibus
2527 2892 2856 2969 disputavit

663 2990 1112 3050 Marckscheffel
1145 2990 1440 3066 (Hesiodi,
1479 2989 1717 3048 Eumeli
1746 2995 1886 3049 cett.
1922 2991 2127 3068 frgm.)
2160 2990 2309 3048 nihil
2350 2989 2423 3047 de
2466 2991 2713 3049 heroum
2752 2995 2855 3049 aut

666 3095 1036 3148 mortuorum
1087 3089 1248 3148 cultu
1297 3090 1673 3167 exploratur,
1727 3090 1844 3146 nisi
1891 3089 2144 3146 fortasse
2196 3088 2357 3164 quod
2406 3089 2736 3148 Pausanias
2781 3089 2855 3146 de

663 3187 911 3246 Eumelo
967 3187 1217 3246 adnotat
1257 3187 1367 3262 (Π,
1407 3207 1463 3259 2,
1505 3191 1592 3265 2):
1667 3183 1923 3302 Τάφους
1969 3181 2039 3246 δὲ
2085 3182 2367 3270 Σισύφου
2416 3184 2524 3248 καὶ
2571 3183 2851 3269 Νηλέως,

661 3283 768 3346 καὶ
826 3281 949 3369 γὰρ
1010 3281 1226 3367 Νηλέα
1289 3275 1677 3368 ἀφικόμενον
1754 3279 1819 3357 ἐς
1878 3280 2202 3367 Κόρινθον
2263 3281 2428 3367 νόσῳ
2489 3281 2855 3368 τελευτῆσαί

665 3402 828 3469 φασι
890 3381 998 3445 καὶ
1058 3379 1211 3465 περὶ
1271 3375 1380 3442 τὸν
1427 3371 1682 3460 Ἰσθμὸν
1742 3379 2059 3466 ταφῆναι,
2126 3373 2239 3444 οὐκ
2302 3369 2377 3445 ὃν
2432 3373 2578 3444 οὗὸὲ
2639 3379 2853 3466 ζητοίη

659 3503 758 3556 τις
818 3475 1275 3561 ἐπιλεξάμενος
1335 3474 1417 3540 τὰ
1463 3468 1825 3563 Εὗμήλου·
1874 3477 2135 3564 Νηλέως
2186 3477 2305 3561 μὲν
2362 3477 2483 3566 γὰρ
2539 3471 2685 3544 οὐδὲ
2730 3483 2851 3542 Νέ-

661 3599 839 3664 στορι
886 3575 1343 3662 ἐπιδειχθῆναι
1388 3572 1464 3639 τὸ
1516 3576 1734 3662 μνῆμα
1798 3569 1930 3642 υπὸ
1992 3577 2275 3665 Σισύφου
2341 3581 2568 3666 φησί·
2627 3577 2851 3665 χρῆναι

659 3673 780 3763 γὰρ
814 3668 1136 3760 ἄγνωστον
1180 3685 1318 3751 τοῖς
1363 3674 1564 3738 πᾶσιν
1611 3667 1846 3757 ομοίως
1891 3669 2101 3740 εἶναι·
2137 3679 2421 3763 Σίσυφον
2460 3674 2530 3738 δὲ
2569 3677 2853 3764 ταφῆναι

657 3773 775 3856 μὲν
835 3797 900 3838 εν
962 3774 1058 3858 τῷ
1117 3767 1394 3858 Ἰσθμιῖ,
1458 3770 1567 3837 τὸν
1628 3772 1699 3838 δὲ
1760 3772 1823 3838 οι
1882 3774 2092 3862 τάφον
2155 3775 2265 3838 καὶ
2323 3775 2452 3839 τῶν
2506 3767 2612 3862 ἐφ’
2660 3768 2853 3839 αὑτοῦ

661 3876 1026 3960 Κορινθίων
1074 3865 1321 3957 ὀλίγους
1376 3865 1538 3936 εἶναι
1584 3870 1733 3948 τοὺς
1778 3870 2031 3948 εἰδότας
2087 3877 2228 3952 (frg.
2277 3877 2336 3937 V
2385 3876 2851 3948 Marckscheffel,

661 3974 935 4052 Kinkel).
1046 3974 1226 4034 Hunc
1285 3974 1441 4032 enim
1488 3974 1683 4032 locum
1740 3975 1999 4051 primum
2050 3975 2436 4051 reliquiarum
2486 3976 2855 4034 heroicarum

734 4242 743 4252 “
813 4238 857 4307 ¹)
896 4235 1178 4308 Delphica
1213 4255 1268 4306 p.
1313 4251 1428 4302 107.
1469 4269 1533 4275 —
1580 4235 1761 4306 Quam
1800 4237 2022 4306 quidem
2058 4238 2154 4292 ille
2189 4238 2425 4308 protulit
2461 4239 2530 4292 de
2567 4236 2855 4307 epimeniis

667 4318 1041 4372 coniecturam
1078 4334 1166 4371 me
1205 4317 1430 4387 quidem
1467 4315 1730 4387 amplecti
1765 4336 1877 4376 non
1914 4335 2074 4388 posse
2113 4323 2306 4389 aperte
2342 4318 2651 4388 profiteor..
