<?xml version="1.0" encoding="UTF-8"?>
<!DOCTYPE html PUBLIC "-//W3C//DTD XHTML 1.0 Transitional//EN"
    "http://www.w3.org/TR/xhtml1/DTD/xhtml1-transitional.dtd">
<html xmlns="http://www.w3.org/1999/xhtml" xml:lang="en" lang="en">
 <head>
  <title>
</title>
<meta http-equiv="Content-Type" content="text/html;charset=utf-8" />
  <meta name='ocr-system' content='tesseract 3.04.00' />
  <meta name='ocr-capabilities' content='ocr_page ocr_carea ocr_par ocr_line ocrx_word'/>
</head>
<body>
  <div class='ocr_page' id='page_1' title='image "./deheroumapudgra00wassgoog_0036.png"; bbox 0 0 3325 5392; ppageno 0'>
   <div class='ocr_carea' id='block_1_1' title="bbox 1739 499 1820 560">
    <p class='ocr_par' dir='ltr' id='par_1_1' title="bbox 1739 499 1820 560">
     <span class='ocr_line' id='line_1_1' title="bbox 1739 499 1820 560; baseline 0 -16"><span class='ocrx_word' id='word_1_1' title='bbox 1739 499 1820 560; x_wconf 75' lang='grc'>32</span> 
     </span>
    </p>
   </div>
   <div class='ocr_carea' id='block_1_2' title="bbox 687 637 2875 819">
    <p class='ocr_par' dir='ltr' id='par_1_2' title="bbox 687 637 2875 819">
     <span class='ocr_line' id='line_1_2' title="bbox 689 637 2875 722; baseline -0 -19"><span class='ocrx_word' id='word_1_2' title='bbox 689 641 984 704; x_wconf 72' lang='lat' dir='ltr'>Gallinam</span> <span class='ocrx_word' id='word_1_3' title='bbox 1002 637 1054 720; x_wconf 85' lang='lat'>¹)</span> <span class='ocrx_word' id='word_1_4' title='bbox 1104 646 1302 702; x_wconf 83' lang='lat' dir='ltr'>autem</span> <span class='ocrx_word' id='word_1_5' title='bbox 1351 641 1568 702; x_wconf 87' lang='lat' dir='ltr'>heroas</span> <span class='ocrx_word' id='word_1_6' title='bbox 1616 647 1882 702; x_wconf 84' lang='lat' dir='ltr'>mortuos</span> <span class='ocrx_word' id='word_1_7' title='bbox 1932 663 2062 702; x_wconf 83' lang='lat' dir='ltr'>esse</span> <span class='ocrx_word' id='word_1_8' title='bbox 2109 644 2415 722; x_wconf 83' lang='lat' dir='ltr'>putavisse</span> <span class='ocrx_word' id='word_1_9' title='bbox 2472 645 2743 722; x_wconf 85' lang='lat' dir='ltr'>sequitur</span> <span class='ocrx_word' id='word_1_10' title='bbox 2801 665 2875 702; x_wconf 83' lang='lat' dir='ltr'>ex</span> 
     </span>
     <span class='ocr_line' id='line_1_3' title="bbox 687 741 2311 819; baseline -0.001 -17"><span class='ocrx_word' id='word_1_11' title='bbox 687 743 948 802; x_wconf 82' lang='lat' dir='ltr'>eiusdem</span> <span class='ocrx_word' id='word_1_12' title='bbox 995 741 1222 818; x_wconf 76' lang='lat' dir='ltr'>elegiae</span> <span class='ocrx_word' id='word_1_13' title='bbox 1263 761 1321 799; x_wconf 81' lang='lat' dir='ltr'>V.</span> <span class='ocrx_word' id='word_1_14' title='bbox 1381 759 1482 818; x_wconf 84' lang='lat'>14:</span> <span class='ocrx_word' id='word_1_15' title='bbox 1531 761 1705 801; x_wconf 88' lang='lat' dir='ltr'>nemo</span> <span class='ocrx_word' id='word_1_16' title='bbox 1752 747 2001 800; x_wconf 88' lang='lat' dir='ltr'>mortem</span> <span class='ocrx_word' id='word_1_17' title='bbox 2049 741 2311 819; x_wconf 86' lang='lat' dir='ltr'>effugiet,</span> 
     </span>
    </p>
   </div>
   <div class='ocr_carea' id='block_1_3' title="bbox 1114 860 2457 957">
    <p class='ocr_par' dir='ltr' id='par_1_3' title="bbox 1114 860 2457 957">
     <span class='ocr_line' id='line_1_4' title="bbox 1114 860 2457 957; baseline 0.002 -23"><span class='ocrx_word' id='word_1_18' title='bbox 1114 863 1246 934; x_wconf 70' lang='grc' dir='ltr'>οὐδ’</span> <span class='ocrx_word' id='word_1_19' title='bbox 1293 869 1351 934; x_wconf 83' lang='grc' dir='ltr'>εἰ</span> <span class='ocrx_word' id='word_1_20' title='bbox 1391 869 1724 957; x_wconf 77' lang='grc' dir='ltr'><em>προγόνων</em></span> <span class='ocrx_word' id='word_1_21' title='bbox 1767 860 1807 955; x_wconf 82' lang='grc' dir='ltr'><em>ᾗ</em></span> <span class='ocrx_word' id='word_1_22' title='bbox 1853 876 2032 955; x_wconf 81' lang='grc' dir='ltr'><em>γένος</em></span> <span class='ocrx_word' id='word_1_23' title='bbox 2076 865 2457 948; x_wconf 74' lang='grc' dir='ltr'><em>ἅθανάτωνς</em></span> 
     </span>
    </p>
   </div>
   <div class='ocr_carea' id='block_1_4' title="bbox 679 1004 2886 3052">
    <p class='ocr_par' dir='ltr' id='par_1_4' title="bbox 684 1004 2886 1283">
     <span class='ocr_line' id='line_1_5' title="bbox 687 1004 2870 1085; baseline -0 -18"><span class='ocrx_word' id='word_1_24' title='bbox 687 1009 840 1068; x_wconf 92' lang='lat' dir='ltr'>sicut</span> <span class='ocrx_word' id='word_1_25' title='bbox 893 1009 955 1066; x_wconf 89' lang='lat' dir='ltr'>in</span> <span class='ocrx_word' id='word_1_26' title='bbox 1008 1007 1392 1084; x_wconf 82' lang='lat' dir='ltr'>Theognidea</span> <span class='ocrx_word' id='word_1_27' title='bbox 1436 1006 1785 1066; x_wconf 78' lang='lat' dir='ltr'>collectione</span> <span class='ocrx_word' id='word_1_28' title='bbox 1831 1004 2149 1085; x_wconf 78' lang='lat' dir='ltr'>SisyphuS,</span> <span class='ocrx_word' id='word_1_29' title='bbox 2208 1008 2622 1067; x_wconf 75' lang='lat' dir='ltr'>callidissimus</span> <span class='ocrx_word' id='word_1_30' title='bbox 2676 1008 2870 1080; x_wconf 76' lang='lat' dir='ltr'>herOS,</span> 
     </span>
     <span class='ocr_line' id='line_1_6' title="bbox 685 1105 2886 1184; baseline -0.001 -18"><span class='ocrx_word' id='word_1_31' title='bbox 685 1109 748 1166; x_wconf 86' lang='lat' dir='ltr'>in</span> <span class='ocrx_word' id='word_1_32' title='bbox 809 1105 964 1166; x_wconf 90' lang='lat' dir='ltr'>Orco</span> <span class='ocrx_word' id='word_1_33' title='bbox 1029 1127 1157 1165; x_wconf 88' lang='lat' dir='ltr'>esse</span> <span class='ocrx_word' id='word_1_34' title='bbox 1219 1106 1556 1165; x_wconf 88' lang='lat' dir='ltr'>celebratur</span> <span class='ocrx_word' id='word_1_35' title='bbox 1572 1148 1587 1178; x_wconf 92' lang='lat'>,</span> <span class='ocrx_word' id='word_1_36' title='bbox 1661 1106 1819 1164; x_wconf 88' lang='grc' dir='ltr'><strong>1111ᾶο</strong></span> <span class='ocrx_word' id='word_1_37' title='bbox 1894 1110 1963 1164; x_wconf 92' lang='lat' dir='ltr'>ut</span> <span class='ocrx_word' id='word_1_38' title='bbox 2032 1105 2369 1166; x_wconf 87' lang='lat' dir='ltr'>dimittatur</span> <span class='ocrx_word' id='word_1_39' title='bbox 2385 1147 2401 1179; x_wconf 90' lang='lat'>,</span> <span class='ocrx_word' id='word_1_40' title='bbox 2473 1107 2886 1184; x_wconf 42' lang='lat' dir='ltr'>Proserpinae*</span> 
     </span>
     <span class='ocr_line' id='line_1_7' title="bbox 684 1205 1488 1283; baseline -0.001 -20"><span class='ocrx_word' id='word_1_41' title='bbox 684 1205 1006 1283; x_wconf 77' lang='lat' dir='ltr'>persuadet</span> <span class='ocrx_word' id='word_1_42' title='bbox 1046 1206 1128 1280; x_wconf 84' lang='lat' dir='ltr'>(v.</span> <span class='ocrx_word' id='word_1_43' title='bbox 1176 1221 1298 1281; x_wconf 89' lang='lat'>702</span> <span class='ocrx_word' id='word_1_44' title='bbox 1345 1206 1488 1281; x_wconf 92' lang='lat' dir='ltr'>sq..)</span> 
     </span>
    </p>

    <p class='ocr_par' dir='ltr' id='par_1_5' title="bbox 683 1299 2875 1677">
     <span class='ocr_line' id='line_1_8' title="bbox 863 1299 2875 1380; baseline 0 -20"><span class='ocrx_word' id='word_1_45' title='bbox 863 1303 959 1360; x_wconf 80' lang='lat' dir='ltr'>Ex</span> <span class='ocrx_word' id='word_1_46' title='bbox 1021 1301 1466 1380; x_wconf 85' lang='lat' dir='ltr'>iambographis</span> <span class='ocrx_word' id='word_1_47' title='bbox 1516 1299 2033 1361; x_wconf 84' lang='lat' dir='ltr'>Archilochum</span> <span class='ocrx_word' id='word_1_48' title='bbox 2095 1303 2376 1380; x_wconf 80' lang='lat' dir='ltr'>hymnum</span> <span class='ocrx_word' id='word_1_49' title='bbox 2438 1303 2501 1360; x_wconf 88' lang='lat' dir='ltr'>in</span> <span class='ocrx_word' id='word_1_50' title='bbox 2549 1302 2875 1361; x_wconf 89' lang='lat' dir='ltr'>Herculem</span> 
     </span>
     <span class='ocr_line' id='line_1_9' title="bbox 685 1399 2874 1480; baseline -0.001 -19"><span class='ocrx_word' id='word_1_51' title='bbox 685 1402 1117 1480; x_wconf 80' lang='lat' dir='ltr'>composuisse,</span> <span class='ocrx_word' id='word_1_52' title='bbox 1192 1401 1255 1458; x_wconf 89' lang='lat' dir='ltr'>in</span> <span class='ocrx_word' id='word_1_53' title='bbox 1322 1419 1439 1476; x_wconf 88' lang='lat' dir='ltr'>quo</span> <span class='ocrx_word' id='word_1_54' title='bbox 1512 1401 1615 1458; x_wconf 90' lang='lat' dir='ltr'>ille</span> <span class='ocrx_word' id='word_1_55' title='bbox 1687 1421 1819 1459; x_wconf 89' lang='lat' dir='ltr'>cum</span> <span class='ocrx_word' id='word_1_56' title='bbox 1890 1399 2058 1459; x_wconf 89' lang='lat' dir='ltr'>Iolao</span> <span class='ocrx_word' id='word_1_57' title='bbox 2127 1401 2584 1479; x_wconf 77' lang='lat' dir='ltr'>imploraretur,</span> <span class='ocrx_word' id='word_1_58' title='bbox 2667 1406 2874 1459; x_wconf 90' lang='lat' dir='ltr'>notum</span> 
     </span>
     <span class='ocr_line' id='line_1_10' title="bbox 686 1499 2873 1577; baseline -0 -19"><span class='ocrx_word' id='word_1_59' title='bbox 686 1504 810 1572; x_wconf 87' lang='lat' dir='ltr'>est,</span> <span class='ocrx_word' id='word_1_60' title='bbox 878 1499 1036 1557; x_wconf 88' lang='lat' dir='ltr'>unde</span> <span class='ocrx_word' id='word_1_61' title='bbox 1100 1519 1200 1558; x_wconf 90' lang='lat' dir='ltr'>eos</span> <span class='ocrx_word' id='word_1_62' title='bbox 1257 1499 1667 1577; x_wconf 74' lang='lat' dir='ltr'>imprimisque</span> <span class='ocrx_word' id='word_1_63' title='bbox 1731 1499 2053 1558; x_wconf 87' lang='lat' dir='ltr'>Herculem</span> <span class='ocrx_word' id='word_1_64' title='bbox 2120 1500 2283 1558; x_wconf 91' lang='lat' dir='ltr'>cultu</span> <span class='ocrx_word' id='word_1_65' title='bbox 2344 1499 2667 1558; x_wconf 88' lang='lat' dir='ltr'>honoratos</span> <span class='ocrx_word' id='word_1_66' title='bbox 2746 1519 2873 1557; x_wconf 89' lang='lat' dir='ltr'>esse</span> 
     </span>
     <span class='ocr_line' id='line_1_11' title="bbox 683 1592 1024 1677; baseline -0.003 -20"><span class='ocrx_word' id='word_1_67' title='bbox 683 1602 938 1677; x_wconf 86' lang='lat' dir='ltr'>apparet</span> <span class='ocrx_word' id='word_1_68' title='bbox 954 1592 1024 1675; x_wconf 76' lang='lat'>⁴²).</span> 
     </span>
    </p>

    <p class='ocr_par' dir='ltr' id='par_1_6' title="bbox 680 1693 2875 2462">
     <span class='ocr_line' id='line_1_12' title="bbox 862 1693 2875 1772; baseline -0 -19"><span class='ocrx_word' id='word_1_69' title='bbox 862 1693 1236 1755; x_wconf 88' lang='lat' dir='ltr'>Alcmanis</span> <span class='ocrx_word' id='word_1_70' title='bbox 1308 1697 1729 1756; x_wconf 90' lang='lat' dir='ltr'>celeberrimus</span> <span class='ocrx_word' id='word_1_71' title='bbox 1797 1695 2079 1772; x_wconf 82' lang='lat' dir='ltr'>hymnus,</span> <span class='ocrx_word' id='word_1_72' title='bbox 2154 1695 2318 1753; x_wconf 89' lang='lat' dir='ltr'>cuius</span> <span class='ocrx_word' id='word_1_73' title='bbox 2399 1694 2737 1772; x_wconf 85' lang='lat' dir='ltr'>fragmenta</span> <span class='ocrx_word' id='word_1_74' title='bbox 2812 1695 2875 1752; x_wconf 90' lang='lat' dir='ltr'>in</span> 
     </span>
     <span class='ocr_line' id='line_1_13' title="bbox 684 1791 2875 1872; baseline -0.001 -19"><span class='ocrx_word' id='word_1_75' title='bbox 684 1791 1064 1872; x_wconf 87' lang='lat' dir='ltr'>Aegyptiaco</span> <span class='ocrx_word' id='word_1_76' title='bbox 1117 1795 1390 1872; x_wconf 88' lang='lat' dir='ltr'>sepulcro</span> <span class='ocrx_word' id='word_1_77' title='bbox 1439 1797 1684 1854; x_wconf 88' lang='lat' dir='ltr'>inventa</span> <span class='ocrx_word' id='word_1_78' title='bbox 1732 1815 1853 1852; x_wconf 93' lang='lat' dir='ltr'>non</span> <span class='ocrx_word' id='word_1_79' title='bbox 1899 1795 1986 1852; x_wconf 92' lang='lat' dir='ltr'>ita</span> <span class='ocrx_word' id='word_1_80' title='bbox 2034 1795 2221 1852; x_wconf 88' lang='lat' dir='ltr'>multo</span> <span class='ocrx_word' id='word_1_81' title='bbox 2272 1792 2486 1852; x_wconf 82' lang='lat' dir='ltr'>abhinc</span> <span class='ocrx_word' id='word_1_82' title='bbox 2550 1793 2625 1851; x_wconf 89' lang='lat' dir='ltr'>ad</span> <span class='ocrx_word' id='word_1_83' title='bbox 2687 1793 2875 1851; x_wconf 90' lang='lat' dir='ltr'>lucem</span> 
     </span>
     <span class='ocr_line' id='line_1_14' title="bbox 683 1891 2869 1969; baseline -0.001 -18"><span class='ocrx_word' id='word_1_84' title='bbox 683 1893 1016 1964; x_wconf 84' lang='lat' dir='ltr'>redierunt,</span> <span class='ocrx_word' id='word_1_85' title='bbox 1070 1897 1247 1951; x_wconf 86' lang='lat' dir='ltr'>antea</span> <span class='ocrx_word' id='word_1_86' title='bbox 1303 1895 1366 1950; x_wconf 91' lang='lat' dir='ltr'>in</span> <span class='ocrx_word' id='word_1_87' title='bbox 1413 1893 1848 1953; x_wconf 88' lang='lat' dir='ltr'>Dioscurorum</span> <span class='ocrx_word' id='word_1_88' title='bbox 1904 1893 2161 1951; x_wconf 83' lang='lat' dir='ltr'>honores</span> <span class='ocrx_word' id='word_1_89' title='bbox 2208 1892 2478 1951; x_wconf 85' lang='lat' dir='ltr'>conditus</span> <span class='ocrx_word' id='word_1_90' title='bbox 2526 1891 2869 1969; x_wconf 86' lang='lat' dir='ltr'>putabatur,</span> 
     </span>
     <span class='ocr_line' id='line_1_15' title="bbox 684 1990 2875 2069; baseline -0 -20"><span class='ocrx_word' id='word_1_91' title='bbox 684 1991 923 2050; x_wconf 89' lang='lat' dir='ltr'>iamiam</span> <span class='ocrx_word' id='word_1_92' title='bbox 970 1996 1168 2049; x_wconf 87' lang='lat' dir='ltr'>autem</span> <span class='ocrx_word' id='word_1_93' title='bbox 1225 1991 1490 2050; x_wconf 86' lang='lat' dir='ltr'>meliore‘</span> <span class='ocrx_word' id='word_1_94' title='bbox 1532 1993 1747 2051; x_wconf 88' lang='lat' dir='ltr'>notitia</span> <span class='ocrx_word' id='word_1_95' title='bbox 1806 1995 2162 2069; x_wconf 88' lang='lat' dir='ltr'>recuperata</span> <span class='ocrx_word' id='word_1_96' title='bbox 2223 1991 2445 2066; x_wconf 89' lang='lat' dir='ltr'>illaque</span> <span class='ocrx_word' id='word_1_97' title='bbox 2503 1990 2781 2068; x_wconf 89' lang='lat' dir='ltr'>opinione</span> <span class='ocrx_word' id='word_1_98' title='bbox 2840 2009 2875 2048; x_wconf 86' lang='lat' dir='ltr'>a</span> 
     </span>
     <span class='ocr_line' id='line_1_16' title="bbox 681 2086 2872 2162; baseline -0.002 -14"><span class='ocrx_word' id='word_1_99' title='bbox 681 2090 827 2148; x_wconf 84' lang='lat' dir='ltr'>viris</span> <span class='ocrx_word' id='word_1_100' title='bbox 860 2089 1051 2148; x_wconf 87' lang='lat' dir='ltr'>doctis</span> <span class='ocrx_word' id='word_1_101' title='bbox 1083 2089 1320 2162; x_wconf 88' lang='lat' dir='ltr'>reiecta,</span> <span class='ocrx_word' id='word_1_102' title='bbox 1367 2089 1462 2148; x_wconf 88' lang='lat' dir='ltr'>cui</span> <span class='ocrx_word' id='word_1_103' title='bbox 1491 2090 1720 2148; x_wconf 83' lang='lat' dir='ltr'>numini</span> <span class='ocrx_word' id='word_1_104' title='bbox 1750 2086 2057 2148; x_wconf 87' lang='lat' dir='ltr'>dedicatus</span> <span class='ocrx_word' id='word_1_105' title='bbox 2089 2089 2288 2160; x_wconf 87' lang='lat' dir='ltr'>fuerit,</span> <span class='ocrx_word' id='word_1_106' title='bbox 2334 2087 2512 2146; x_wconf 87' lang='lat' dir='ltr'>certis</span> <span class='ocrx_word' id='word_1_107' title='bbox 2544 2087 2872 2146; x_wconf 88' lang='lat' dir='ltr'>rationibus</span> 
     </span>
     <span class='ocr_line' id='line_1_17' title="bbox 685 2179 2873 2265; baseline -0.001 -19"><span class='ocrx_word' id='word_1_108' title='bbox 685 2189 878 2248; x_wconf 87' lang='lat' dir='ltr'>evinci</span> <span class='ocrx_word' id='word_1_109' title='bbox 925 2188 1132 2263; x_wconf 88' lang='lat' dir='ltr'>nequit</span> <span class='ocrx_word' id='word_1_110' title='bbox 1150 2179 1220 2264; x_wconf 60' lang='grc' dir='ltr'>Β).</span> <span class='ocrx_word' id='word_1_111' title='bbox 1327 2187 1545 2265; x_wconf 86' lang='lat' dir='ltr'>Itaque</span> <span class='ocrx_word' id='word_1_112' title='bbox 1594 2189 1697 2247; x_wconf 87' lang='lat' dir='ltr'>ille</span> <span class='ocrx_word' id='word_1_113' title='bbox 1746 2187 1894 2246; x_wconf 88' lang='lat' dir='ltr'>nihil</span> <span class='ocrx_word' id='word_1_114' title='bbox 1942 2187 2021 2246; x_wconf 81' lang='lat' dir='ltr'>ad.</span> <span class='ocrx_word' id='word_1_115' title='bbox 2066 2207 2201 2259; x_wconf 89' lang='lat' dir='ltr'>nos;</span> <span class='ocrx_word' id='word_1_116' title='bbox 2268 2206 2462 2262; x_wconf 90' lang='lat' dir='ltr'>neque</span> <span class='ocrx_word' id='word_1_117' title='bbox 2524 2185 2588 2244; x_wconf 86' lang='lat' dir='ltr'>id</span> <span class='ocrx_word' id='word_1_118' title='bbox 2650 2184 2873 2262; x_wconf 90' lang='lat' dir='ltr'>aliquid</span> 
     </span>
     <span class='ocr_line' id='line_1_18' title="bbox 680 2271 2874 2366; baseline 0 -22"><span class='ocrx_word' id='word_1_119' title='bbox 680 2286 856 2365; x_wconf 85' lang='lat' dir='ltr'>pensi</span> <span class='ocrx_word' id='word_1_120' title='bbox 884 2284 1102 2358; x_wconf 51' lang='lat' dir='ltr'>habet,</span> <span class='ocrx_word' id='word_1_121' title='bbox 1131 2287 1290 2362; x_wconf 90' lang='lat' dir='ltr'>quod</span> <span class='ocrx_word' id='word_1_122' title='bbox 1328 2287 1414 2346; x_wconf 88' lang='lat' dir='ltr'>ibi</span> <span class='ocrx_word' id='word_1_123' title='bbox 1443 2288 1520 2364; x_wconf 91' lang='lat' dir='ltr'>(I,</span> <span class='ocrx_word' id='word_1_124' title='bbox 1560 2289 1623 2364; x_wconf 92' lang='lat'>7)</span> <span class='ocrx_word' id='word_1_125' title='bbox 1665 2291 1847 2364; x_wconf 89' lang='lat' dir='ltr'>poeta</span> <span class='ocrx_word' id='word_1_126' title='bbox 1885 2285 2083 2345; x_wconf 89' lang='lat' dir='ltr'>nescio</span> <span class='ocrx_word' id='word_1_127' title='bbox 2126 2305 2301 2361; x_wconf 90' lang='lat' dir='ltr'>quem</span> <span class='ocrx_word' id='word_1_128' title='bbox 2341 2277 2563 2362; x_wconf 75' lang='grc' dir='ltr'><em>ἔξοχον</em></span> <span class='ocrx_word' id='word_1_129' title='bbox 2608 2271 2874 2366; x_wconf 75' lang='grc' dir='ltr'>ἡμισέων</span> 
     </span>
     <span class='ocr_line' id='line_1_19' title="bbox 683 2384 964 2462; baseline -0.007 -18"><span class='ocrx_word' id='word_1_130' title='bbox 683 2384 964 2462; x_wconf 88' lang='lat' dir='ltr'>appellat.</span> 
     </span>
    </p>

    <p class='ocr_par' dir='ltr' id='par_1_7' title="bbox 679 2480 2873 3052">
     <span class='ocr_line' id='line_1_20' title="bbox 860 2480 2873 2561; baseline -0.001 -21"><span class='ocrx_word' id='word_1_131' title='bbox 860 2480 979 2541; x_wconf 80' lang='lat' dir='ltr'>Sed</span> <span class='ocrx_word' id='word_1_132' title='bbox 1039 2503 1114 2540; x_wconf 90' lang='lat' dir='ltr'>ne</span> <span class='ocrx_word' id='word_1_133' title='bbox 1177 2481 1584 2543; x_wconf 78' lang='lat' dir='ltr'>Stesichori</span> <span class='ocrx_word' id='word_1_134' title='bbox 1646 2484 1887 2561; x_wconf 87' lang='lat' dir='ltr'>quidem</span> <span class='ocrx_word' id='word_1_135' title='bbox 1948 2481 2237 2558; x_wconf 83' lang='lat' dir='ltr'>reliquiae</span> <span class='ocrx_word' id='word_1_136' title='bbox 2298 2481 2527 2557; x_wconf 87' lang='lat' dir='ltr'>aliquid</span> <span class='ocrx_word' id='word_1_137' title='bbox 2588 2481 2739 2539; x_wconf 88' lang='lat' dir='ltr'>certi</span> <span class='ocrx_word' id='word_1_138' title='bbox 2800 2481 2873 2539; x_wconf 90' lang='lat' dir='ltr'>de</span> 
     </span>
     <span class='ocr_line' id='line_1_21' title="bbox 684 2579 2873 2661; baseline -0 -22"><span class='ocrx_word' id='word_1_139' title='bbox 684 2580 932 2640; x_wconf 89' lang='lat' dir='ltr'>heroum</span> <span class='ocrx_word' id='word_1_140' title='bbox 973 2582 1135 2641; x_wconf 89' lang='lat' dir='ltr'>cultu</span> <span class='ocrx_word' id='word_1_141' title='bbox 1175 2583 1493 2661; x_wconf 78' lang='lat' dir='ltr'>praebent,</span> <span class='ocrx_word' id='word_1_142' title='bbox 1543 2582 1606 2642; x_wconf 84' lang='lat' dir='ltr'>id</span> <span class='ocrx_word' id='word_1_143' title='bbox 1647 2581 1809 2659; x_wconf 84' lang='lat' dir='ltr'>quod</span> <span class='ocrx_word' id='word_1_144' title='bbox 1850 2601 1917 2639; x_wconf 92' lang='lat' dir='ltr'>eo</span> <span class='ocrx_word' id='word_1_145' title='bbox 1959 2580 2149 2656; x_wconf 86' lang='lat' dir='ltr'>magis</span> <span class='ocrx_word' id='word_1_146' title='bbox 2189 2579 2551 2652; x_wconf 87' lang='lat' dir='ltr'>mirandum,</span> <span class='ocrx_word' id='word_1_147' title='bbox 2596 2580 2873 2657; x_wconf 88' lang='lat' dir='ltr'>quoniam</span> 
     </span>
     <span class='ocr_line' id='line_1_22' title="bbox 681 2665 2871 2738; baseline -0.001 0"><span class='ocrx_word' id='word_1_148' title='bbox 681 2679 782 2738; x_wconf 92' lang='lat' dir='ltr'>ille</span> <span class='ocrx_word' id='word_1_149' title='bbox 831 2679 1103 2738; x_wconf 90' lang='lat' dir='ltr'>omnibus</span> <span class='ocrx_word' id='word_1_150' title='bbox 1145 2681 1272 2738; x_wconf 88' lang='lat' dir='ltr'>fere</span> <span class='ocrx_word' id='word_1_151' title='bbox 1313 2679 1673 2738; x_wconf 86' lang='lat' dir='ltr'>carminibus</span> <span class='ocrx_word' id='word_1_152' title='bbox 1715 2679 1963 2738; x_wconf 90' lang='lat' dir='ltr'>heroum</span> <span class='ocrx_word' id='word_1_153' title='bbox 2002 2678 2233 2737; x_wconf 90' lang='lat' dir='ltr'>fabulas</span> <span class='ocrx_word' id='word_1_154' title='bbox 2285 2677 2629 2737; x_wconf 83' lang='lat' dir='ltr'>illustrabat</span> <span class='ocrx_word' id='word_1_155' title='bbox 2666 2665 2871 2736; x_wconf 80' lang='lat' dir='ltr'>‘maxi-</span> 
     </span>
     <span class='ocr_line' id='line_1_23' title="bbox 682 2766 2870 2856; baseline -0.001 -20"><span class='ocrx_word' id='word_1_156' title='bbox 682 2766 816 2850; x_wconf 84' lang='lat' dir='ltr'>ma&#39;,</span> <span class='ocrx_word' id='word_1_157' title='bbox 869 2782 938 2835; x_wconf 91' lang='lat' dir='ltr'>ut</span> <span class='ocrx_word' id='word_1_158' title='bbox 984 2778 1183 2836; x_wconf 83' lang='lat' dir='ltr'>verbis</span> <span class='ocrx_word' id='word_1_159' title='bbox 1225 2775 1580 2850; x_wconf 79' lang='lat' dir='ltr'>Quintiliani</span> <span class='ocrx_word' id='word_1_160' title='bbox 1595 2773 1646 2856; x_wconf 77' lang='lat'>⁴)</span> <span class='ocrx_word' id='word_1_161' title='bbox 1696 2783 1853 2850; x_wconf 88' lang='lat' dir='ltr'>utar,</span> <span class='ocrx_word' id='word_1_162' title='bbox 1904 2769 2086 2836; x_wconf 87' lang='lat' dir='ltr'>‘bella</span> <span class='ocrx_word' id='word_1_163' title='bbox 2138 2782 2199 2835; x_wconf 91' lang='lat' dir='ltr'>et</span> <span class='ocrx_word' id='word_1_164' title='bbox 2247 2776 2605 2835; x_wconf 84' lang='lat' dir='ltr'>clarissimos</span> <span class='ocrx_word' id='word_1_165' title='bbox 2657 2796 2870 2836; x_wconf 81' lang='lat' dir='ltr'>canens</span> 
     </span>
     <span class='ocr_line' id='line_1_24' title="bbox 683 2863 2870 2953; baseline -0 -20"><span class='ocrx_word' id='word_1_166' title='bbox 683 2871 862 2935; x_wconf 88' lang='lat' dir='ltr'>duces</span> <span class='ocrx_word' id='word_1_167' title='bbox 911 2880 972 2935; x_wconf 89' lang='lat' dir='ltr'>et</span> <span class='ocrx_word' id='word_1_168' title='bbox 1022 2876 1175 2953; x_wconf 90' lang='lat' dir='ltr'>epici</span> <span class='ocrx_word' id='word_1_169' title='bbox 1224 2877 1500 2936; x_wconf 85' lang='lat' dir='ltr'>carminis</span> <span class='ocrx_word' id='word_1_170' title='bbox 1553 2897 1737 2936; x_wconf 87' lang='lat' dir='ltr'>onera</span> <span class='ocrx_word' id='word_1_171' title='bbox 1786 2876 1920 2952; x_wconf 82' lang='lat' dir='ltr'>lyra</span> <span class='ocrx_word' id='word_1_172' title='bbox 1968 2863 2317 2946; x_wconf 81' lang='lat' dir='ltr'>sustinens&#39;,</span> <span class='ocrx_word' id='word_1_173' title='bbox 2379 2878 2507 2932; x_wconf 90' lang='lat' dir='ltr'>tum</span> <span class='ocrx_word' id='word_1_174' title='bbox 2559 2875 2721 2951; x_wconf 86' lang='lat' dir='ltr'>quod</span> <span class='ocrx_word' id='word_1_175' title='bbox 2767 2875 2870 2932; x_wconf 92' lang='lat' dir='ltr'>im-</span> 
     </span>
     <span class='ocr_line' id='line_1_25' title="bbox 679 2971 2869 3052; baseline 0 -22"><span class='ocrx_word' id='word_1_176' title='bbox 679 2973 890 3051; x_wconf 87' lang='lat' dir='ltr'>primis</span> <span class='ocrx_word' id='word_1_177' title='bbox 933 2971 1057 3034; x_wconf 83' lang='lat' dir='ltr'>eius</span> <span class='ocrx_word' id='word_1_178' title='bbox 1096 2980 1398 3052; x_wconf 86' lang='lat' dir='ltr'>poemata,</span> <span class='ocrx_word' id='word_1_179' title='bbox 1454 2980 1522 3034; x_wconf 92' lang='lat' dir='ltr'>ut</span> <span class='ocrx_word' id='word_1_180' title='bbox 1573 2977 1764 3034; x_wconf 89' lang='lat' dir='ltr'>omnis</span> <span class='ocrx_word' id='word_1_181' title='bbox 1806 2975 2043 3034; x_wconf 88' lang='lat' dir='ltr'>chorica</span> <span class='ocrx_word' id='word_1_182' title='bbox 2080 2974 2307 3052; x_wconf 89' lang='lat' dir='ltr'>poesis,</span> <span class='ocrx_word' id='word_1_183' title='bbox 2361 2991 2493 3030; x_wconf 89' lang='lat' dir='ltr'>cum</span> <span class='ocrx_word' id='word_1_184' title='bbox 2534 2974 2698 3032; x_wconf 88' lang='lat' dir='ltr'>cultu</span> <span class='ocrx_word' id='word_1_185' title='bbox 2738 2992 2869 3031; x_wconf 90' lang='lat' dir='ltr'>con-</span> 
     </span>
    </p>
   </div>
   <div class='ocr_carea' id='block_1_5' title="bbox 682 3147 1108 3160">
    <p class='ocr_par' dir='ltr' id='par_1_8' title="bbox 682 3147 1108 3160">
     <span class='ocr_line' id='line_1_26' title="bbox 682 3147 1108 3160; baseline 0 2232"><span class='ocrx_word' id='word_1_186' title='bbox 682 3147 1108 3160; x_wconf 95' lang='lat' dir='ltr'> </span> 
     </span>
    </p>
   </div>
   <div class='ocr_carea' id='block_1_6' title="bbox 677 3249 2872 4301">
    <p class='ocr_par' dir='ltr' id='par_1_9' title="bbox 680 3249 2868 3404">
     <span class='ocr_line' id='line_1_27' title="bbox 833 3249 2868 3322; baseline 0 -17"><span class='ocrx_word' id='word_1_187' title='bbox 833 3252 875 3322; x_wconf 78' lang='lat'>¹)</span> <span class='ocrx_word' id='word_1_188' title='bbox 912 3249 1059 3306; x_wconf 86' lang='lat' dir='ltr'>Eum</span> <span class='ocrx_word' id='word_1_189' title='bbox 1096 3253 1412 3309; x_wconf 81' lang='lat' dir='ltr'>Calchantis</span> <span class='ocrx_word' id='word_1_190' title='bbox 1459 3255 1520 3308; x_wconf 90' lang='lat' dir='ltr'>in</span> <span class='ocrx_word' id='word_1_191' title='bbox 1555 3252 1719 3308; x_wconf 82' lang='lat' dir='ltr'>Claro</span> <span class='ocrx_word' id='word_1_192' title='bbox 1756 3257 1995 3308; x_wconf 89' lang='lat' dir='ltr'>mortem</span> <span class='ocrx_word' id='word_1_193' title='bbox 2044 3269 2501 3308; x_wconf 84' lang='lat' dir='ltr'>commemorasse</span> <span class='ocrx_word' id='word_1_194' title='bbox 2549 3255 2742 3306; x_wconf 80' lang='lat' dir='ltr'>auctor</span> <span class='ocrx_word' id='word_1_195' title='bbox 2786 3254 2868 3306; x_wconf 86' lang='lat' dir='ltr'>est</span> 
     </span>
     <span class='ocr_line' id='line_1_28' title="bbox 680 3331 1612 3404; baseline 0.002 -19"><span class='ocrx_word' id='word_1_196' title='bbox 680 3331 881 3386; x_wconf 87' lang='lat' dir='ltr'>Strabo</span> <span class='ocrx_word' id='word_1_197' title='bbox 917 3331 1078 3398; x_wconf 87' lang='lat' dir='ltr'>XIV,</span> <span class='ocrx_word' id='word_1_198' title='bbox 1118 3337 1220 3387; x_wconf 89' lang='lat'>668</span> <span class='ocrx_word' id='word_1_199' title='bbox 1259 3336 1352 3403; x_wconf 87' lang='lat'>(=</span> <span class='ocrx_word' id='word_1_200' title='bbox 1387 3334 1497 3404; x_wconf 80' lang='lat' dir='ltr'>frg.</span> <span class='ocrx_word' id='word_1_201' title='bbox 1538 3335 1612 3402; x_wconf 85' lang='lat'>8).</span> 
     </span>
    </p>

    <p class='ocr_par' dir='ltr' id='par_1_10' title="bbox 680 3419 2870 3570">
     <span class='ocr_line' id='line_1_29' title="bbox 827 3419 2870 3492; baseline -0.001 -16"><span class='ocrx_word' id='word_1_202' title='bbox 827 3419 872 3491; x_wconf 73' lang='lat'>²)</span> <span class='ocrx_word' id='word_1_203' title='bbox 922 3420 1148 3476; x_wconf 77' lang='lat' dir='ltr'>Pindar.</span> <span class='ocrx_word' id='word_1_204' title='bbox 1222 3421 1286 3477; x_wconf 91' lang='grc' dir='ltr'>Ο.</span> <span class='ocrx_word' id='word_1_205' title='bbox 1336 3421 1425 3476; x_wconf 82' lang='lat' dir='ltr'>IX</span> <span class='ocrx_word' id='word_1_206' title='bbox 1471 3423 1594 3478; x_wconf 85' lang='lat' dir='ltr'>init.</span> <span class='ocrx_word' id='word_1_207' title='bbox 1669 3422 1752 3477; x_wconf 81' lang='lat' dir='ltr'>Of.</span> <span class='ocrx_word' id='word_1_208' title='bbox 1791 3421 2024 3492; x_wconf 86' lang='lat' dir='ltr'>Bergkii</span> <span class='ocrx_word' id='word_1_209' title='bbox 2062 3423 2247 3477; x_wconf 85' lang='lat' dir='ltr'>adnot.</span> <span class='ocrx_word' id='word_1_210' title='bbox 2294 3422 2365 3477; x_wconf 87' lang='lat' dir='ltr'>ad</span> <span class='ocrx_word' id='word_1_211' title='bbox 2400 3422 2572 3476; x_wconf 84' lang='lat' dir='ltr'>Arch.</span> <span class='ocrx_word' id='word_1_212' title='bbox 2619 3421 2726 3492; x_wconf 84' lang='lat' dir='ltr'>frg.</span> <span class='ocrx_word' id='word_1_213' title='bbox 2774 3437 2793 3474; x_wconf 88' lang='lat'>1</span> <span class='ocrx_word' id='word_1_214' title='bbox 2809 3437 2870 3487; x_wconf 87' lang='lat'>19</span> 
     </span>
     <span class='ocr_line' id='line_1_30' title="bbox 680 3517 896 3570; baseline 0.009 -17"><span class='ocrx_word' id='word_1_215' title='bbox 680 3519 734 3570; x_wconf 90' lang='lat' dir='ltr'>p.</span> <span class='ocrx_word' id='word_1_216' title='bbox 774 3517 896 3568; x_wconf 90' lang='lat'><strong>419.</strong></span> 
     </span>
    </p>

    <p class='ocr_par' dir='ltr' id='par_1_11' title="bbox 678 3579 2872 3976">
     <span class='ocr_line' id='line_1_31' title="bbox 821 3579 2872 3654; baseline -0 -18"><span class='ocrx_word' id='word_1_217' title='bbox 821 3581 948 3637; x_wconf 88' lang='lat' dir='ltr'>Non</span> <span class='ocrx_word' id='word_1_218' title='bbox 989 3581 1230 3636; x_wconf 88' lang='lat' dir='ltr'>multum</span> <span class='ocrx_word' id='word_1_219' title='bbox 1277 3583 1433 3638; x_wconf 87' lang='lat' dir='ltr'>iuvat</span> <span class='ocrx_word' id='word_1_220' title='bbox 1466 3583 1522 3638; x_wconf 89' lang='lat' dir='ltr'>A</span> <span class='ocrx_word' id='word_1_221' title='bbox 1536 3600 1561 3637; x_wconf 89' lang='lat' dir='ltr'>s</span> <span class='ocrx_word' id='word_1_222' title='bbox 1575 3583 1628 3638; x_wconf 88' lang='lat' dir='ltr'>ii</span> <span class='ocrx_word' id='word_1_223' title='bbox 1678 3583 2055 3654; x_wconf 85' lang='lat' dir='ltr'>fragmentum</span> <span class='ocrx_word' id='word_1_224' title='bbox 2072 3625 2085 3651; x_wconf 90' lang='lat'>,</span> <span class='ocrx_word' id='word_1_225' title='bbox 2133 3579 2231 3637; x_wconf 89' lang='lat' dir='ltr'>ubi</span> <span class='ocrx_word' id='word_1_226' title='bbox 2282 3581 2511 3651; x_wconf 81' lang='lat' dir='ltr'>quinam</span> <span class='ocrx_word' id='word_1_227' title='bbox 2561 3580 2728 3636; x_wconf 81' lang='lat' dir='ltr'>heros</span> <span class='ocrx_word' id='word_1_228' title='bbox 2776 3581 2872 3635; x_wconf 88' lang='lat' dir='ltr'>ille</span> 
     </span>
     <span class='ocr_line' id='line_1_32' title="bbox 679 3662 2869 3733; baseline 0 -19"><span class='ocrx_word' id='word_1_229' title='bbox 679 3662 752 3715; x_wconf 90' lang='lat' dir='ltr'>sit</span> <span class='ocrx_word' id='word_1_230' title='bbox 765 3702 779 3727; x_wconf 96' lang='lat'>,</span> <span class='ocrx_word' id='word_1_231' title='bbox 838 3663 1191 3732; x_wconf 88' lang='lat' dir='ltr'>perspicuum</span> <span class='ocrx_word' id='word_1_232' title='bbox 1246 3679 1358 3717; x_wconf 86' lang='grc'><strong>11011</strong></span> <span class='ocrx_word' id='word_1_233' title='bbox 1413 3667 1520 3730; x_wconf 85' lang='lat' dir='ltr'>est,</span> <span class='ocrx_word' id='word_1_234' title='bbox 1577 3677 1913 3733; x_wconf 75' lang='lat' dir='ltr'>quamquam</span> <span class='ocrx_word' id='word_1_235' title='bbox 1969 3663 2225 3732; x_wconf 76' lang='lat' dir='ltr'>equidem</span> <span class='ocrx_word' id='word_1_236' title='bbox 2279 3662 2339 3716; x_wconf 69' lang='lat' dir='ltr'>id</span> <span class='ocrx_word' id='word_1_237' title='bbox 2391 3663 2602 3716; x_wconf 83' lang='lat' dir='ltr'>ironice</span> <span class='ocrx_word' id='word_1_238' title='bbox 2657 3663 2869 3717; x_wconf 85' lang='lat' dir='ltr'>dietum</span> 
     </span>
     <span class='ocr_line' id='line_1_33' title="bbox 681 3741 2869 3814; baseline 0 -19"><span class='ocrx_word' id='word_1_239' title='bbox 681 3759 798 3796; x_wconf 87' lang='lat' dir='ltr'>esse</span> <span class='ocrx_word' id='word_1_240' title='bbox 833 3741 1015 3796; x_wconf 86' lang='lat' dir='ltr'>facere</span> <span class='ocrx_word' id='word_1_241' title='bbox 1051 3760 1164 3796; x_wconf 88' lang='grc'><strong>11011</strong></span> <span class='ocrx_word' id='word_1_242' title='bbox 1199 3761 1440 3812; x_wconf 88' lang='lat' dir='ltr'>possum,</span> <span class='ocrx_word' id='word_1_243' title='bbox 1473 3744 1609 3813; x_wconf 89' lang='lat' dir='ltr'>quin</span> <span class='ocrx_word' id='word_1_244' title='bbox 1637 3749 1849 3814; x_wconf 86' lang='lat' dir='ltr'>putem.</span> <span class='ocrx_word' id='word_1_245' title='bbox 1894 3742 2040 3797; x_wconf 87' lang='lat' dir='ltr'>Nam</span> <span class='ocrx_word' id='word_1_246' title='bbox 2066 3743 2201 3797; x_wconf 90' lang='lat' dir='ltr'>lusit</span> <span class='ocrx_word' id='word_1_247' title='bbox 2223 3747 2405 3812; x_wconf 88' lang='lat' dir='ltr'>poeta,</span> <span class='ocrx_word' id='word_1_248' title='bbox 2446 3743 2658 3812; x_wconf 88' lang='lat' dir='ltr'>opinor,</span> <span class='ocrx_word' id='word_1_249' title='bbox 2695 3742 2869 3796; x_wconf 90' lang='lat' dir='ltr'>homi-</span> 
     </span>
     <span class='ocr_line' id='line_1_34' title="bbox 678 3821 2869 3894; baseline 0 -18"><span class='ocrx_word' id='word_1_250' title='bbox 678 3839 806 3876; x_wconf 86' lang='lat' dir='ltr'>nem</span> <span class='ocrx_word' id='word_1_251' title='bbox 842 3823 1000 3876; x_wconf 90' lang='lat' dir='ltr'>illum</span> <span class='ocrx_word' id='word_1_252' title='bbox 1035 3823 1351 3878; x_wconf 87' lang='lat' dir='ltr'>sorbitionis</span> <span class='ocrx_word' id='word_1_253' title='bbox 1377 3825 1637 3894; x_wconf 85' lang='lat' dir='ltr'>cupidum</span> <span class='ocrx_word' id='word_1_254' title='bbox 1661 3828 1779 3878; x_wconf 85' lang='lat' dir='ltr'>tam</span> <span class='ocrx_word' id='word_1_255' title='bbox 1804 3824 2174 3878; x_wconf 87' lang='lat' dir='ltr'>miserrimam</span> <span class='ocrx_word' id='word_1_256' title='bbox 2198 3822 2528 3891; x_wconf 86' lang='lat' dir='ltr'>foedamque</span> <span class='ocrx_word' id='word_1_257' title='bbox 2552 3821 2869 3892; x_wconf 87' lang='lat' dir='ltr'>praebuisse</span> 
     </span>
     <span class='ocr_line' id='line_1_35' title="bbox 680 3903 2581 3976; baseline 0 -21"><span class='ocrx_word' id='word_1_258' title='bbox 680 3903 934 3974; x_wconf 86' lang='lat' dir='ltr'>speciem,</span> <span class='ocrx_word' id='word_1_259' title='bbox 973 3920 1139 3971; x_wconf 84' lang='lat' dir='ltr'>quam</span> <span class='ocrx_word' id='word_1_260' title='bbox 1177 3905 1384 3958; x_wconf 87' lang='lat' dir='ltr'>claram</span> <span class='ocrx_word' id='word_1_261' title='bbox 1420 3908 1476 3958; x_wconf 88' lang='lat' dir='ltr'>et</span> <span class='ocrx_word' id='word_1_262' title='bbox 1514 3905 1800 3976; x_wconf 82' lang='lat' dir='ltr'>egregiam</span> <span class='ocrx_word' id='word_1_263' title='bbox 1835 3905 2029 3958; x_wconf 90' lang='lat' dir='ltr'>heroes</span> <span class='ocrx_word' id='word_1_264' title='bbox 2066 3907 2351 3973; x_wconf 89' lang='lat' dir='ltr'>praestare</span> <span class='ocrx_word' id='word_1_265' title='bbox 2388 3904 2581 3958; x_wconf 89' lang='lat' dir='ltr'>solent.</span> 
     </span>
    </p>

    <p class='ocr_par' dir='ltr' id='par_1_12' title="bbox 677 3990 2871 4301">
     <span class='ocr_line' id='line_1_36' title="bbox 827 3990 2871 4065; baseline -0.001 -19"><span class='ocrx_word' id='word_1_266' title='bbox 827 3991 872 4060; x_wconf 81' lang='lat'>⁸)</span> <span class='ocrx_word' id='word_1_267' title='bbox 921 3990 1138 4063; x_wconf 84' lang='lat' dir='ltr'>Bergk,</span> <span class='ocrx_word' id='word_1_268' title='bbox 1194 3992 1258 4048; x_wconf 91' lang='lat' dir='ltr'>P.</span> <span class='ocrx_word' id='word_1_269' title='bbox 1314 3993 1379 4046; x_wconf 91' lang='lat' dir='ltr'>L.</span> <span class='ocrx_word' id='word_1_270' title='bbox 1435 3992 1530 4048; x_wconf 94' lang='lat' dir='ltr'>III</span> <span class='ocrx_word' id='word_1_271' title='bbox 1595 4011 1650 4065; x_wconf 90' lang='lat' dir='ltr'>p.</span> <span class='ocrx_word' id='word_1_272' title='bbox 1710 4007 1776 4058; x_wconf 89' lang='lat'>²4</span> <span class='ocrx_word' id='word_1_273' title='bbox 1832 4010 1912 4060; x_wconf 91' lang='lat' dir='ltr'>sq.</span> <span class='ocrx_word' id='word_1_274' title='bbox 1970 4023 2039 4032; x_wconf 94' lang='lat'>—-</span> <span class='ocrx_word' id='word_1_275' title='bbox 2095 3991 2315 4046; x_wconf 79' lang='lat' dir='ltr'>Tzetzes</span> <span class='ocrx_word' id='word_1_276' title='bbox 2372 3997 2558 4047; x_wconf 87' lang='lat' dir='ltr'>autem</span> <span class='ocrx_word' id='word_1_277' title='bbox 2616 3991 2765 4060; x_wconf 86' lang='lat' dir='ltr'>quod</span> <span class='ocrx_word' id='word_1_278' title='bbox 2810 3991 2871 4044; x_wconf 86' lang='lat' dir='ltr'>in</span> 
     </span>
     <span class='ocr_line' id='line_1_37' title="bbox 678 4070 2868 4142; baseline -0.001 -16"><span class='ocrx_word' id='word_1_279' title='bbox 678 4070 838 4126; x_wconf 87' lang='lat' dir='ltr'>Iliad.</span> <span class='ocrx_word' id='word_1_280' title='bbox 897 4075 928 4124; x_wconf 91' lang='lat'><strong>6</strong></span> <span class='ocrx_word' id='word_1_281' title='bbox 934 4085 961 4138; x_wconf 84' lang='lat'>5</span> <span class='ocrx_word' id='word_1_282' title='bbox 1020 4073 1106 4126; x_wconf 86' lang='lat' dir='ltr'>ed.</span> <span class='ocrx_word' id='word_1_283' title='bbox 1162 4072 1358 4126; x_wconf 90' lang='lat' dir='ltr'>Herm.</span> <span class='ocrx_word' id='word_1_284' title='bbox 1416 4074 1507 4140; x_wconf 91' lang='lat'>(=</span> <span class='ocrx_word' id='word_1_285' title='bbox 1557 4070 1741 4125; x_wconf 83' lang='lat' dir='ltr'>Alcm.</span> <span class='ocrx_word' id='word_1_286' title='bbox 1798 4071 1905 4142; x_wconf 84' lang='lat' dir='ltr'>frg.</span> <span class='ocrx_word' id='word_1_287' title='bbox 1969 4073 2090 4141; x_wconf 88' lang='lat'>108)</span> <span class='ocrx_word' id='word_1_288' title='bbox 2145 4071 2215 4125; x_wconf 85' lang='lat' dir='ltr'>de</span> <span class='ocrx_word' id='word_1_289' title='bbox 2273 4071 2457 4126; x_wconf 78' lang='lat' dir='ltr'>herois</span> <span class='ocrx_word' id='word_1_290' title='bbox 2512 4072 2737 4126; x_wconf 88' lang='lat' dir='ltr'>notione</span> <span class='ocrx_word' id='word_1_291' title='bbox 2800 4072 2868 4124; x_wconf 87' lang='lat' dir='ltr'>ab</span> 
     </span>
     <span class='ocr_line' id='line_1_38' title="bbox 677 4151 2869 4222; baseline -0 -17"><span class='ocrx_word' id='word_1_292' title='bbox 677 4151 948 4207; x_wconf 88' lang='lat' dir='ltr'>Alemane</span> <span class='ocrx_word' id='word_1_293' title='bbox 995 4156 1261 4222; x_wconf 82' lang='lat' dir='ltr'>usurpata</span> <span class='ocrx_word' id='word_1_294' title='bbox 1308 4152 1542 4222; x_wconf 88' lang='lat' dir='ltr'>protulit</span> <span class='ocrx_word' id='word_1_295' title='bbox 1559 4193 1571 4217; x_wconf 91' lang='lat'>‚</span> <span class='ocrx_word' id='word_1_296' title='bbox 1634 4152 1693 4206; x_wconf 90' lang='lat' dir='ltr'>id</span> <span class='ocrx_word' id='word_1_297' title='bbox 1735 4155 1852 4206; x_wconf 90' lang='lat' dir='ltr'>tam</span> <span class='ocrx_word' id='word_1_298' title='bbox 1904 4153 1963 4205; x_wconf 90' lang='lat' dir='ltr'>in</span> <span class='ocrx_word' id='word_1_299' title='bbox 2005 4152 2325 4207; x_wconf 85' lang='lat' dir='ltr'>universum</span> <span class='ocrx_word' id='word_1_300' title='bbox 2374 4153 2584 4207; x_wconf 84' lang='lat' dir='ltr'>dictum</span> <span class='ocrx_word' id='word_1_301' title='bbox 2634 4155 2719 4205; x_wconf 88' lang='lat' dir='ltr'>est</span> <span class='ocrx_word' id='word_1_302' title='bbox 2732 4193 2744 4217; x_wconf 91' lang='lat'>‚</span> <span class='ocrx_word' id='word_1_303' title='bbox 2808 4155 2869 4205; x_wconf 88' lang='lat' dir='ltr'>ut</span> 
     </span>
     <span class='ocr_line' id='line_1_39' title="bbox 679 4227 2479 4301; baseline 0 -15"><span class='ocrx_word' id='word_1_304' title='bbox 679 4234 869 4301; x_wconf 88' lang='lat' dir='ltr'>quales</span> <span class='ocrx_word' id='word_1_305' title='bbox 905 4233 1142 4288; x_wconf 86' lang='lat' dir='ltr'>Alcman</span> <span class='ocrx_word' id='word_1_306' title='bbox 1179 4233 1375 4288; x_wconf 88' lang='lat' dir='ltr'>heroas</span> <span class='ocrx_word' id='word_1_307' title='bbox 1411 4232 1576 4287; x_wconf 86' lang='lat' dir='ltr'>fuisse</span> <span class='ocrx_word' id='word_1_308' title='bbox 1613 4233 1909 4301; x_wconf 86' lang='lat' dir='ltr'>putaverit,</span> <span class='ocrx_word' id='word_1_309' title='bbox 1948 4232 2079 4286; x_wconf 83' lang='lat' dir='ltr'>inde</span> <span class='ocrx_word' id='word_1_310' title='bbox 2117 4250 2228 4286; x_wconf 89' lang='lat' dir='ltr'>non</span> <span class='ocrx_word' id='word_1_311' title='bbox 2266 4227 2479 4287; x_wconf 76' lang='lat' dir='ltr'>evadat.</span> 
     </span>
    </p>
   </div>
   <div class='ocr_carea' id='block_1_7' title="bbox 823 4320 1550 4394">
    <p class='ocr_par' dir='ltr' id='par_1_13' title="bbox 823 4320 1550 4394">
     <span class='ocr_line' id='line_1_40' title="bbox 823 4320 1550 4394; baseline -0.001 -19"><span class='ocrx_word' id='word_1_312' title='bbox 823 4321 872 4394; x_wconf 85' lang='lat'>⁴)</span> <span class='ocrx_word' id='word_1_313' title='bbox 908 4321 1091 4376; x_wconf 85' lang='lat' dir='ltr'>Instit.</span> <span class='ocrx_word' id='word_1_314' title='bbox 1131 4320 1226 4376; x_wconf 89' lang='lat' dir='ltr'>Or.</span> <span class='ocrx_word' id='word_1_315' title='bbox 1264 4321 1336 4388; x_wconf 92' lang='lat' dir='ltr'>X,</span> <span class='ocrx_word' id='word_1_316' title='bbox 1383 4338 1425 4388; x_wconf 91' lang='lat'>1,</span> <span class='ocrx_word' id='word_1_317' title='bbox 1466 4325 1550 4375; x_wconf 87' lang='lat'>62.</span> 
     </span>
    </p>
   </div>
  </div>
 </body>
</html>
