3325 5392
1818 527 1899 588 34

761 664 1036 746 congruit
1076 671 1205 728 cum
1236 668 1441 745 Ibyco,
1485 669 1572 728 ita
1601 690 1735 728 cum
1764 669 1995 730 Callino
2026 671 2089 730 in
2121 692 2208 745 eo,
2246 673 2405 750 quod
2434 673 2647 735 heroas
2679 682 2945 738 mortuos

761 789 889 827 esse
929 768 1200 845 putabat.
1294 766 1392 826 Ita
1433 769 1610 826 etiam
1651 768 2026 829 Memnonem
2064 771 2127 829 in
2160 769 2337 848 Syria
2375 775 2673 851 sepultum
2715 796 2843 834 esse
2882 777 2944 835 in

759 866 1154 943 dithyrambO,
1185 866 1288 941 qui
1304 864 1583 924 Memnon
1601 867 1928 946 inscriptus
1954 875 2101 942 erat,
2130 873 2611 931 commemoravit
2631 873 2773 949 (frg.
2814 876 2940 952 27).

759 965 911 1023 Eum
943 969 1141 1024 autem
1171 964 1428 1036 modum,
1476 985 1592 1041 quo
1623 971 1806 1043 poeta
1835 963 2135 1026 Achillem
2166 988 2347 1045 super
2376 971 2669 1028 tumulum
2700 968 2942 1032 Graecis

757 1064 994 1123 domum
1036 1062 1453 1139 navigantibus
1495 1064 1846 1141 apparuisse
1886 1065 2159 1137 finxerat,
2213 1066 2299 1123 nil
2340 1072 2485 1140 erat,
2540 1070 2702 1145 quod
2740 1090 2942 1129 secun-

758 1164 896 1221 dum
939 1167 1238 1221 auctorem
1295 1161 1454 1218 illius
1504 1161 1717 1232 libelli,
1773 1163 1875 1237 qui
1928 1161 2083 1247 περὶ
2118 1152 2329 1246 ὕψους
2366 1165 2730 1240 inscribitur,
2774 1169 2943 1227 clari-

754 1267 880 1320 tate
921 1264 1252 1320 antestaret
1291 1259 1509 1336 (Long.
1553 1278 1627 1319 π.
1671 1248 1788 1341 ῧψ.
1833 1282 1881 1319 c.
1937 1277 2030 1338 15,
2071 1278 2102 1339 7
2149 1289 2235 1313 ==
2277 1263 2393 1340 frg.
2444 1267 2613 1344 209).

933 1355 998 1416 Si
1037 1358 1224 1434 igitur
1263 1358 1528 1416 breviter
1567 1359 1960 1434 recognoscis,
2015 1379 2167 1436 quae
2212 1361 2497 1422 hactenus
2536 1367 2939 1438 tractavimuS,

755 1455 984 1518 videbis
1034 1478 1154 1515 non
1201 1458 1454 1515 multum
1505 1457 1577 1514 de
1629 1457 1878 1514 heroum
1926 1459 2087 1517 cultu
2138 1480 2169 1517 e
2224 1460 2419 1537 poetis
2469 1463 2671 1537 lyricis
2720 1465 2859 1523 inde
2908 1485 2943 1522 a

754 1555 985 1617 Callino
1026 1562 1206 1633 atque
1247 1554 1611 1614 Archilocho
1661 1574 1849 1630 usque
1899 1554 1976 1613 ad
2014 1556 2342 1616 Pindarum
2385 1559 2617 1618 omissis
2658 1561 2795 1635 illis,
2842 1564 2944 1640 qui

754 1674 828 1715 ne
868 1657 1108 1714 minima
1151 1655 1388 1731 quidem
1431 1652 1557 1712 eius
1598 1653 1907 1729 religionis
1956 1654 2175 1714 indicia
2232 1655 2537 1730 exhibent,
2604 1680 2713 1718 nos
2764 1661 2941 1718 extri-

753 1774 934 1814 casse.
1028 1753 1102 1812 In
1155 1752 1495 1812 universum
1558 1753 1789 1827 heroes,
1859 1773 2214 1830 quamquam
2277 1757 2559 1815 mortales
2623 1757 2936 1830 habentur,

751 1858 951 1910 tamen
991 1852 1236 1911 semidei
1275 1857 1454 1928 atque
1496 1872 1725 1910 summa
1763 1853 1987 1910 virtute
2027 1853 2287 1930 praediti
2327 1859 2642 1930 putantur;
2700 1857 2935 1934 singuli,

750 1956 818 2008 ut
881 1950 1176 2009 Hercules
1230 1948 1500 2009 Achilles
1563 1948 1747 2023 Aiax,
1811 1951 2046 2026 hymnis
2103 1957 2207 2009 aut
2277 1952 2472 2010 scoliis
2542 1952 2933 2028 honorantur3

750 2047 1049 2108 Achillem
1089 2054 1288 2108 autem
1326 2049 1390 2107 in
1429 2047 1636 2124 Elysio
1680 2050 1926 2122 morari,
1982 2049 2106 2108 eius
2156 2049 2426 2108 umbram
2467 2047 2709 2110 Graecis
2758 2073 2939 2130 appa-

750 2167 901 2220 rere,
953 2147 1322 2225 Polyxenam
1372 2147 1622 2205 mactari
1670 2148 1875 2206 eodem
1927 2148 2052 2205 fere
2101 2147 2295 2219 mode,
2350 2152 2417 2206 ut
2466 2149 2625 2226 apud
2688 2152 2938 2225 cyclicos

749 2252 957 2323 poetas
997 2233 1201 2305 fictum
1243 2251 1352 2305 est.

927 2341 1046 2402 Sed
1073 2346 1351 2422 parciora
1387 2347 1543 2415 sunt,
1590 2363 1742 2420 quae
1784 2345 1857 2403 de
1888 2347 2258 2402 mortuorum
2298 2344 2588 2420 religione
2627 2353 2937 2424 poetarum

748 2444 1069 2519 lyricorum
1109 2443 1396 2520 reliquiae
1436 2442 1739 2500 exhibent.
1834 2442 1989 2503 Nam
2034 2462 2228 2518 neque
2270 2444 2662 2518 elegiacorum
2706 2451 2937 2504 senten-

746 2543 884 2615 tiae,
929 2548 996 2600 ut
1035 2541 1186 2600 illud
1226 2540 1461 2600 Solonis
1505 2542 1647 2617 (frg.
1700 2558 1799 2617 24,
1848 2557 1879 2618 7
1928 2543 2073 2617 sq.):

1631 2705 1716 2770 τὰ
1761 2704 1883 2793 γὰρ
1929 2706 2245 2793 περιώσια
2292 2705 2512 2771 πάντα

924 2799 1200 2894 χρήματ’
1246 2803 1409 2886 ἔχων
1454 2797 1660 2881 οὐδεὶς
1706 2801 1958 2892 ἔρχεται
2005 2803 2097 2880 εἰς
2142 2797 2360 2869 Ἀΐδεω
2388 2827 2401 2842 ·

924 2897 1059 2970 οὐδ’
1108 2894 1184 2968 ἂν
1230 2897 1472 2968 ἄποινα
1517 2901 1729 2980 διδοὺς
1773 2902 2067 2968 θάνατον
2112 2903 2310 2990 φύγοι
2356 2903 2511 2980 κτλ.,

747 3082 898 3138 quae
941 3061 1179 3138 quidem
1207 3061 1593 3120 inveniuntur
1633 3059 1795 3137 apud
1826 3079 2027 3117 omnes
2069 3060 2195 3117 fere
2236 3063 2446 3136 poetas
2486 3058 2723 3134 lyricos,
2770 3059 2933 3135 quid-

745 3180 935 3236 quam,
961 3159 1237 3236 probant,
1282 3179 1474 3237 neque
1515 3179 1667 3235 quae
1708 3163 1915 3216 extant
1952 3159 2016 3215 in
2060 3156 2443 3234 Theognidea
2484 3157 2831 3215 collectione
2862 3157 2933 3215 de

743 3259 1013 3316 luctuoso
1056 3262 1115 3314 et
1154 3257 1433 3315 umbroso
1465 3255 1620 3315 Orco
1663 3258 1785 3332 (vv.
1828 3273 1970 3332 244.
2021 3271 2165 3333 707.
2213 3273 2337 3334 973
2384 3275 2474 3330 sq.
2531 3272 2713 3331 1014.
2770 3256 2929 3332 1036

745 3357 872 3433 all.)
893 3351 960 3434 ¹).
1057 3356 1133 3414 Id
1173 3356 1362 3413 solum
1403 3355 1617 3412 docent
1657 3355 1854 3412 omnia
1892 3354 2037 3413 haec
2084 3353 2407 3430 poematia:
2462 3353 2662 3412 vivere
2702 3359 2934 3414 tantum

744 3475 873 3513 esse
923 3455 1188 3527 beatum;
1241 3456 1381 3531 post
1431 3453 1554 3512 fata
1606 3473 1757 3530 quae
1806 3458 2148 3530 sequantur,
2202 3453 2361 3511 omni
2419 3471 2621 3510 carere
2684 3453 2927 3530 gaudio;

743 3575 873 3612 cum
923 3559 1121 3612 autem
1169 3571 1340 3610 nemo
1394 3551 1699 3611 moriendo
1752 3552 1902 3610 solvi
1937 3551 2155 3629 possit,
2227 3566 2404 3628 quam
2458 3552 2711 3609 maxime
2776 3551 2931 3609 diem

743 3673 872 3710 esse
924 3651 1302 3729 carpendum.
1398 3649 1480 3709 Et
1527 3651 1638 3709 hae
1694 3651 1931 3728 quidem
1982 3655 2121 3708 sunt
2171 3650 2348 3708 etiam
2395 3649 2739 3708 melicorum
2794 3669 2931 3727 poe-

739 3757 938 3810 tarum
991 3749 1351 3823 sententiae;
1437 3749 1510 3808 cf.
1564 3746 1787 3827 Sapph.
1841 3750 1957 3825 frg.
2013 3749 2115 3808 68.
2180 3764 2317 3825 137.
2422 3744 2743 3806 Stesichor.
2814 3749 2927 3824 frg.

745 3867 846 3928 5ο.
911 3849 1078 3926 Ibyc.
1129 3849 1245 3925 frg.
1296 3866 1395 3928 27.
1460 3846 1690 3907 Anacr.
1744 3831 1860 3923 frg.
1907 3865 2008 3923 43.
2103 3843 2221 3903 Sed
2262 3866 2419 3919 cave,
2478 3866 2553 3902 ne
2602 3845 2715 3903 hoe
2757 3845 2930 3903 silen-

888 4104 932 4174 ¹)
969 4102 1456 4173 Hipponactis
1491 4101 1598 4171 frg.
1641 4114 1735 4167 54:

1216 4189 1400 4264 Κριγὴ
1441 4187 1500 4242 δὲ
1537 4191 1753 4263 νεκρῶν
1790 4186 2019 4259 ἄγγελός
2052 4208 2115 4240 τε
2151 4193 2244 4241 καὶ
2280 4173 2451 4263 κῆρυξ

739 4301 851 4352 quo
888 4286 1075 4336 utrum
1115 4285 1318 4337 noctua
1367 4299 1436 4334 an
1474 4282 1822 4334 mortuorum
1871 4296 2061 4332 rumor
2098 4279 2471 4349 significatum
2508 4278 2596 4344 sit,
2646 4278 2707 4330 in
2743 4277 2925 4331 medio

739 4365 1090 4433 relinquitur,
1129 4362 1324 4416 afferre
1362 4361 1442 4414 nil
1477 4360 1646 4415 iuvat.
1800 4355 1803 4358 ’
