3325 5392
1522 521 1606 582 39

643 662 797 723 Tum
848 664 1155 741 epularum
1205 684 1374 724 sacra
1423 665 1517 723 vel
1566 663 1935 724 lectisternia
1973 666 2046 724 iis
2085 671 2297 744 parata
2340 688 2468 726 esse
2508 673 2651 726 noii-

465 762 644 821 nullis
677 761 823 820 locis
855 761 1312 834 demonstratur,
1364 761 1437 821 de
1470 763 1687 839 quibus
1718 763 1837 822 iam
1868 768 2045 824 antea
2072 765 2137 822 in
2170 765 2434 823 ciborum
2468 767 2651 834 sacris

466 860 830 939 explicandis
864 861 1097 919 locutus
1131 881 1260 919 sum
1277 855 1346 938 ¹).
1422 859 1585 934 Quos
1630 861 1743 920 hoc
1784 861 1958 922 modo
2000 863 2191 921 cultos
2234 869 2652 923 commemorat

466 964 673 1038 poeta,
757 964 898 1017 sunt
974 959 1258 1018 Dioscuri
1333 980 1454 1019 una
1515 980 1648 1017 cum
1711 960 1948 1020 Helena
2016 961 2310 1021 Hercules
2374 957 2654 1039 Delphici

464 1059 690 1130 heroeS,
736 1059 989 1118 fortasse
1032 1077 1268 1134 quoque
1307 1057 1626 1117 Thebanae
1665 1057 1945 1118 heroinae
1985 1064 2046 1117 et
2084 1057 2246 1118 Aiax
2278 1058 2433 1119 Oilei
2472 1059 2649 1119 filius

642 1156 727 1216 Ut
767 1156 952 1232 igitur
993 1157 1204 1233 epulae
1244 1156 1525 1215 heroibus
1568 1157 2096 1228 consecrabantur,
2151 1157 2413 1235 adaeque
2454 1158 2516 1216 in
2559 1178 2652 1216 eo-

463 1275 596 1313 rum
648 1275 821 1313 usum
873 1252 936 1311 in
992 1254 1276 1313 conviviis
1331 1254 1521 1314 altera
1572 1255 1835 1332 potionis
1890 1255 2097 1314 libatio
2159 1255 2649 1333 profundebatur.

467 1352 656 1426 Quem
698 1372 920 1410 morem
959 1351 1258 1411 Pindarus
1299 1372 1419 1411 non
1459 1353 1585 1410 sine
1635 1373 1853 1429 magna
1903 1354 2202 1430 elegantia
2250 1358 2308 1413 et
2359 1355 2653 1414 suavitate

465 1451 740 1511 carminis
781 1450 1052 1510 Isthmici
1093 1451 1291 1526 quinti
1331 1451 1573 1509 exordio
1615 1451 1903 1510 innexuit.

644 1549 760 1608 His
791 1570 972 1627 porro
1005 1548 1190 1608 addas
1231 1549 1510 1620 carmina,
1556 1549 1771 1625 quibus
1811 1549 2058 1608 heroum
2098 1549 2302 1609 laudes
2350 1549 2412 1609 in
2462 1551 2655 1628 epulis

467 1648 946 1732 celebrabantur,
992 1652 1050 1706 et
1089 1647 1358 1723 hymnOS,
1404 1646 1620 1723 quibus
1663 1648 2075 1706 solemniorem
2113 1650 2175 1707 in
2216 1649 2453 1708 modum
2492 1651 2655 1710 invo-

467 1737 756 1827 cabantur
795 1751 976 1824 atque
1014 1746 1482 1805 honorabantur.
1506 1739 1554 1822 2)

643 1844 920 1922 Denique
969 1845 1031 1902 in
1080 1845 1327 1903 heroum
1365 1843 1621 1902 honores
1664 1864 1880 1920 magna
1918 1843 2194 1903 ludorum
2244 1846 2653 1922 gymnicorum

467 1945 638 2021 copia
699 1943 1016 2020 agebatur,
1087 1943 1242 2001 sicut
1281 1941 1500 2000 Thebis
1559 1941 1752 2000 Iolaia
1801 1944 1859 2000 et
1908 1941 2230 2015 Heraclea,
2299 1942 2655 2003 Orchomeni

464 2041 729 2118 Minyea,
774 2041 936 2119 apud
975 2040 1200 2099 Locros
1242 2038 1544 2112 Aeantea,
1588 2039 1889 2116 Phylacae
1930 2039 2007 2100 ad
2045 2041 2419 2119 Pagasaeum
2462 2043 2653 2102 sinum

464 2139 850 2212 Protesilaea,
893 2139 1245 2198 Marathone
1287 2138 1599 2210 Heraclea,
1644 2139 1923 2214 Megarae
1954 2138 2203 2198 Dioclea
2243 2145 2302 2198 et
2332 2138 2650 2214 Alcathoa,

467 2235 738 2316 Aeginae
795 2237 1058 2312 Aeacea,
1125 2237 1418 2316 Epidauri
1471 2236 1817 2316 Asclepiea,
1875 2238 2036 2316 apud
2074 2237 2343 2298 Rhodios
2385 2239 2655 2319 Tlepole—

466 2337 584 2395 mia
606 2331 678 2414 3).
788 2335 950 2410 Quos
1024 2336 1262 2414 quidem
1332 2335 1504 2395 ludos
1574 2336 1927 2413 plerumque
1996 2337 2273 2396 funebres
2344 2339 2527 2398 fuisse
2598 2345 2657 2398 et

468 2435 770 2513 sepulcra,
814 2434 890 2495 ad
939 2456 1091 2512 quae
1139 2434 1633 2507 instituebantur,
1704 2435 1919 2492 docent
1969 2439 2028 2493 et
2077 2425 2329 2495 coronae
2392 2441 2656 2514 myrteae

466 2532 792 2593 victoribus
831 2531 1096 2612 praemio
1136 2533 1336 2605 datae,
1393 2533 1616 2611 quippe
1670 2552 1818 2609 quos
1860 2533 2035 2592 flores
2075 2533 2364 2611 imprimis
2406 2536 2655 2594 mortuis

469 2635 842 2692 consecratos
885 2632 1068 2690 fuisse
1101 2635 1316 2717 ‘notum
1357 2631 1435 2690 sit
1452 2625 1522 2708 4).

642 2738 810 2798 Haec
852 2744 1008 2812 sunt,
1053 2759 1206 2816 quae
1245 2739 1318 2797 de
1356 2738 1602 2797 heroum
1642 2737 1806 2816 apud
1837 2737 2165 2798 Pindarum
2204 2738 2491 2816 religione
2532 2759 2654 2798 mo-

466 2837 662 2896 nenda
707 2836 981 2910 habeam
1045 2842 1259 2908 restat,
1326 2841 1395 2896 ut
1446 2836 1711 2896 breviter
1764 2837 2145 2913 stringamus,
2205 2858 2356 2914 quae
2418 2837 2519 2896 ille
2582 2837 2655 2896 de

467 2942 835 2996 mortuorum
898 2937 1063 2995 cultu
1128 2936 1444 2995 memoriae
1505 2935 1790 3013 prodidit.
1884 2934 2059 3014 Ipsas
2124 2935 2362 3012 quidem
2425 2935 2657 2994 colendi

467 3034 850 3094 caerimonias
882 3035 1109 3093 frustra
1137 3034 1432 3110 requireS,
1486 3034 1603 3092 nisi
1641 3034 1719 3092 ad
1757 3033 1999 3092 inferias
2040 3053 2280 3092 revoces
2321 3034 2425 3092 illa
2464 3054 2651 3116 sacra,

469 3153 618 3209 quae
667 3133 917 3191 mortuis
967 3132 1249 3192 Herculis
1312 3132 1514 3191 liberis
1579 3153 1615 3191 a
1662 3131 1961 3190 Thebanis
2026 3131 2443 3190 offerebantur.
2540 3130 2656 3204 Qui

468 3252 600 3290 cum
649 3251 791 3290 sane
838 3231 901 3288 in
949 3230 1196 3290 heroum
1249 3229 1494 3289 numero
1542 3229 1801 3290 habendi
1842 3230 1986 3302 sint,
2053 3229 2219 3288 vides
2280 3229 2419 3306 iam,
2479 3251 2656 3307 quam

466 3349 655 3408 prope
714 3328 898 3388 distet
956 3329 1200 3388 heroum
1266 3329 1498 3388 colendi
1559 3329 1713 3388 ratio
1776 3350 1813 3388 a
1875 3333 2243 3387 mortuorum
2306 3327 2648 3388 honoribus.
2740 3388 2744 3392 ,

467 3428 864 3488 Nihilominus
927 3431 1246 3487 occurrunt
1307 3428 1579 3486 nonnulli
1639 3427 1783 3499 loci,
1850 3427 2063 3504 quibus
2116 3427 2411 3485 tolluntur
2452 3446 2652 3485 omnes

469 3526 868 3585 dubitationes
910 3526 984 3585 de
1024 3527 1088 3585 vi
1124 3524 1420 3585 defunctis
1481 3525 1789 3585 attributa.
1883 3523 1983 3584 Ita
2030 3524 2319 3603 imprimis
2369 3523 2651 3619 laudandi
2684 3593 2689 3598 ⁸

469 3629 609 3684 sunt
647 3623 716 3684 O.
759 3623 944 3696 VIII,
993 3641 1068 3704 77
1106 3643 1224 3702 sq.:

618 3869 662 3938 ¹)
698 3868 846 3924 Vide
882 3885 1052 3939 supra
1085 3887 1140 3938 p.
1186 3881 1247 3920 12
1274 3885 1354 3936 sq.
1429 3865 1808 3922 Of.·Deneken
1832 3868 1869 3922 l.
1895 3868 1931 3921 1.
1957 3886 2012 3937 p.
2046 3882 2102 3920 11
2133 3884 2255 3937 sqq.
2313 3865 2509 3923 Ohlert
2543 3868 2581 3922 l.
2618 3869 2656 3923 1.

468 3968 522 4019 P'
563 3963 782 4099 ²³⁹5&
827 4028 1026 4084 offlert
1072 4029 1110 4082 1.
1156 4028 1193 4082 1.
1245 4031 1306 4080 18
1354 4045 1473 4097 sqq.
1512 4059 1578 4068 -
1628 4026 1861 4083 Pindari
1907 4026 2025 4081 fere
2072 4028 2417 4098 temporibus
2466 4029 2656 4084 deberi

468 4108 730 4164 videntur
765 4109 936 4164 scolia
969 4109 1069 4163 illa
1102 4107 1479 4179 pulcherrima
1514 4107 1574 4162 in
1609 4106 1981 4163 Harmodium
2018 4111 2185 4176 atque
2217 4108 2657 4179 Aristogitonem

470 4189 962 4326 comgosssahlgxrqoll.
1001 4206 1033 4323 ἵ
1072 4188 1459 4336 εᾳᾳὲεΒωῈΙς).
1689 4287 1697 4296 .

615 4272 665 4425 *ζ
701 4309 1006 4418 Botticher,
1033 4285 1442 4410 'Bliimnkttlltqlh
1480 4347 1632 4412 Heu.
1670 4366 1725 4430 p.
1764 4363 1868 4425 452
1906 4367 2027 4428 sqq.
