3325 5392
1517 506 1610 572 3-1.

470 655 776 732 religionis
829 651 1245 714 documentum
1309 652 1520 712 habuit
1572 651 1845 724 Lobeck,
1896 647 2197 730 Aglaoph.
2262 673 2322 730 p.
2384 650 2521 730 284⁷·
2558 673 2647 729 sq.

470 751 644 826 Quod
686 754 739 812 si
777 773 983 811 verum
1026 757 1134 824 est,
1178 751 1315 809 inde
1356 751 1475 810 iam
1503 751 1740 809 Eumeli
1776 750 2147 827 temporibus
2178 751 2467 828 sepulcris
2498 757 2651 810 tute-

467 852 654 910 larem
693 853 814 911 vim
855 850 1208 910 attributam
1250 869 1376 908 esse
1416 869 1656 908 necesse
1696 853 1805 922 est,
1850 869 1983 909 cum
2021 850 2137 908 alia
2178 870 2355 908 causa
2400 850 2655 908 inveniri

467 939 742 1026 nequeat,
777 969 944 1026 quae,
983 949 1293 1025 quominus
1325 948 1486 1007 illius
1519 948 1740 1007 mortui
1770 947 2056 1024 reliquiae
2081 947 2649 1019 demonstrarentur,

469 1048 757 1106 obstaret.
2657 1036 2665 1045 '⁶

643 1143 746 1204 Ab
820 1145 1002 1222 epicis
1072 1144 1430 1204 carminibus
1493 1165 1601 1204 nos
1674 1145 1835 1203 ducit
1906 1144 2231 1222 disputatio
2301 1149 2509 1204 nostra
2577 1144 2654 1202 ad

465 1245 737 1322 lyricos
791 1249 1070 1322 poetas,
1130 1244 1235 1320 qui
1293 1245 1417 1301 sive
1479 1243 1777 1319 aequales,
1846 1243 1968 1302 sive
2031 1247 2226 1302 aetate
2288 1244 2652 1321 posteriores

466 1342 803 1419 dignissimi
839 1342 954 1401 visi
993 1346 1149 1414 sunt,
1203 1342 1308 1418 qui
1342 1342 1873 1419 perlustrarentur.
1967 1341 2120 1402 Nam
2161 1362 2279 1418 quo
2321 1343 2509 1420 magis
2551 1362 2653 1400 eae

467 1461 592 1514 res,
649 1461 800 1517 quae
847 1441 960 1500 hoc
998 1441 1196 1517 poesis
1244 1460 1464 1517 genere
1506 1439 1986 1511 celebrabantur,
2038 1439 2340 1498 hominum
2387 1441 2655 1518 ipsorum

471 1544 642 1598 erant
659 1581 674 1611 ,
745 1559 861 1615 quo
927 1539 1116 1616 magis
1181 1539 1260 1597 ad
1321 1539 1504 1596 vitam
1569 1538 1951 1597 domesticam
2020 1544 2079 1596 et
2145 1539 2373 1598 laetitia
2440 1525 2655 1597 elatam

467 1643 528 1696 et
603 1656 952 1715 oppressam
1023 1637 1272 1695 tristitia
1339 1636 1725 1713 pertinebant
1741 1678 1756 1709 ,
1833 1656 1950 1712 quo
2022 1637 2210 1696 artius
2284 1641 2454 1695 erant
2524 1657 2655 1695 cum

471 1737 635 1794 cultu
675 1755 956 1807 conexae,
1008 1754 1077 1793 eo
1120 1735 1508 1793 confidentius
1557 1735 1791 1813 sperari
1833 1755 2009 1813 posse
2048 1735 2363 1796 videbatur
2399 1737 2545 1810 fore,
2587 1741 2657 1794 ut

436 1833 561 1892 'his
615 1834 989 1911 potissimum
1039 1833 1398 1892 carminibus
1449 1835 1669 1892 certior
1715 1835 1963 1894 heroum
2012 1841 2072 1893 et
2110 1839 2479 1892 mortuorum
2520 1835 2655 1891 reli-

469 1933 664 2008 gionis
717 1932 932 1990 notitia
980 1931 1317 1990 deberetur.
1397 1929 1516 1990 Sed
1568 1933 1741 1992 valde
1790 1954 1926 2012 spes
1968 1933 2195 2005 fefellit,
2248 1953 2439 2009 neque
2479 1953 2656 1992 causa

474 2051 504 2088 6
546 2030 874 2106 longinquo
913 2029 1174 2106 petenda
1215 2034 1330 2102 est,
1385 2051 1516 2088 cum
1565 2038 1817 2110 propter
1858 2033 2329 2109 fragmentorum
2370 2032 2655 2108 exiguita-

465 2126 587 2186 tem
655 2133 714 2186 et
780 2128 1133 2187 tenuitatem
1182 2132 1408 2186 certum
1458 2129 1758 2205 quoddam
1804 2130 2086 2189 iudicium
2134 2130 2234 2189 vix
2282 2129 2651 2188 admittatur.

473 2227 646 2286 Unus
688 2226 998 2284 dumtaxat
1037 2231 1202 2285 vates
1246 2231 1428 2299 extat,
1475 2233 1534 2286 et
1571 2229 1701 2305 ipse
1743 2229 1979 2304 quidem
2018 2229 2178 2286 inter
2216 2232 2425 2306 poetas
2457 2228 2650 2300 herOS,

473 2319 636 2382 cuius
688 2345 719 2382 e
767 2324 1125 2382 carminibus
1177 2344 1328 2400 quae
1385 2331 1579 2385 aetate
1634 2327 1758 2384 eius
1813 2327 2059 2384 heroum
2110 2327 2370 2403 viguerit
2423 2326 2651 2403 religiO,

469 2442 651 2498 quam
714 2423 1155 2482 accuratissime
1218 2425 1614 2499 cognoscitur.
1708 2424 1925 2501 Itaque
1977 2425 2147 2483 brevi
2198 2424 2652 2496 recensebimus,

473 2538 620 2596 quae
661 2521 734 2579 de
775 2521 976 2593 rebus,
1020 2521 1092 2579 de
1136 2523 1350 2597 quibus
1393 2521 1611 2598 agitur,
1656 2523 1819 2600 apud
1847 2528 2056 2600 poetas
2102 2523 2321 2598 lyricos
2360 2543 2548 2599 usque
2580 2523 2657 2581 ad

471 2617 795 2677 Pindarum
847 2619 1245 2692 inveniuntur,
1293 2641 1410 2697 qua
1447 2620 1510 2678 in
1551 2641 1616 2678 re
1647 2621 2013 2692 historicum,
2056 2621 2109 2679 si
2136 2622 2351 2698 placet,
2388 2621 2655 2679 ordinem

471 2736 804 2792 sequamur.

646 2812 742 2873 Ac
783 2814 1039 2910 primu-m
1084 2817 1322 2892 quidem
1361 2806 1629 2901 ἡμίθεοι
1676 2822 1995 2877 occurrunt
2033 2817 2194 2895 apud
2234 2817 2587 2877 Callinum
2605 2814 2654 2896 1)

472 2913 614 2990 (frg.
672 2931 730 2986 1,
787 2916 906 2992 19),
980 2913 1084 2990 qui
1142 2915 1215 2972 iis
1277 2915 1568 2994 imprimis
1632 2937 1919 2976 summam
1981 2917 2392 2976 fortitudinem
2454 2919 2655 2993 itaque

469 3011 754 3070 virtutem
795 3012 1096 3087 epicorum
1133 3012 1380 3071 heroum
1418 3016 1727 3091 propriam
1766 3015 2061 3074 attribuit.
2154 3015 2320 3074 Dicit
2360 3016 2513 3072 enim
2554 3016 2655 3073 ille

469 3109 662 3166 virum
729 3110 944 3167 fortem
1007 3110 1282 3170 laudibus
1349 3111 1597 3170 efferens
1664 3133 1821 3186 eum,
1898 3114 2038 3173 dum
2102 3115 2292 3185 vivat,
2382 3114 2655 3172 semideis

467 3208 845 3284 aequiparari
863 3202 912 3285 ⁹⁶)
929 3251 944 3280 ,
1023 3211 1301 3285 quoniam
1381 3211 1456 3268 ob
1537 3211 1802 3270 facinora
1866 3213 2192 3271 clarissima
2255 3212 2331 3270 ab
2396 3233 2464 3270 eo
2528 3213 2655 3270 solo

467 3311 640 3378 gesta
681 3327 716 3364 a
755 3306 935 3382 vulgo
976 3310 1490 3385 propugnaculum
1507 3303 1556 3387 3)
1597 3309 1913 3370 habeatur:

1187 3511 1194 3518 ,
1588 3438 1770 3520 ζώων
1816 3433 1875 3503 δ’
1923 3431 2101 3521 ἄξιος
2148 3436 2441 3527 ἡμιθέων
2490 3463 2503 3478 ·

648 3527 866 3622 ὥσπερ
913 3535 1034 3622 γάρ
1076 3561 1188 3619 μιν
1232 3535 1477 3624 πύργον
1523 3534 1588 3602 ἐν
1634 3531 2077 3627 ὀφθαλμοῖσιν
2125 3531 2350 3626 ὁρῶσιν
2399 3563 2411 3576 ·

738 3631 905 3721 ἔρδει
951 3632 1071 3721 γὰρ
1117 3634 1377 3699 πολλῶν
1425 3627 1577 3716 ἄξια
1620 3636 1855 3719 μοῦνος
1900 3636 2039 3702 ἐών.

583 3933 664 4068 r?
700 3933 953 3989 Adhibui
992 3939 1055 3989 ut-
1091 3935 1236 4006 apud
1271 3953 1460 3990 omnes
1496 3940 1689 4006 poetas
1724 3939 1925 4008 lyricos
1961 3940 2259 3995 editionem
2284 3941 2655 4012 Bergkianam

473 4031 584 4082 qua
641 4031 746 4068 am.

617 4093 664 4164 ⁹)
701 4094 783 4149 Of.
820 4095 1053 4168 Bergkii
1090 4097 1276 4152 adnot.
1315 4098 1385 4152 ad
1420 4098 1570 4155 hunc
1606 4100 1806 4154 locum.

621 4175 664 4246 ³)
702 4175 797 4230 Ad
833 4175 1052 4250 πύργον
1087 4178 1403 4233 memineris
1441 4178 1489 4239 λ,
1531 4194 1629 4248 555
1672 4199 1779 4250 sq.:

1269 4257 1341 4311 τά
1379 4257 1438 4312 δὲ
1475 4264 1636 4329 πῆμα
1676 4263 1807 4314 θεοὶ
1844 4263 2029 4315 θέσαν
2063 4261 2383 4338 Ἀργείοισιν
2434 4282 2438 4286 ·

892 4351 1044 4394 τοῖος·
1077 4336 1190 4413 γάρ
1227 4359 1360 4410 σφιν
1397 4338 1603 4415 πύργος
1641 4339 1880 4395 ἀπώλεο.
