3325 5392
1545 593 1614 636 11

914 735 1152 795 θυσίαν
1198 721 1445 816 ἄπυρον
1490 735 1948 818 παγκαρπείας

913 827 1089 909 δέξαι
1140 830 1354 932 πλήρη
1401 835 1858 914 προχυθεῖσαν.

665 959 859 1015 Porro
900 959 1095 1018 lances
1143 959 1417 1036 frugibus
1450 959 1629 1032 coctis
1662 960 1924 1036 repletas
1958 961 2383 1018 consecrabant
2416 949 2668 1019 Ἀπόλ-

490 1053 667 1115 λωνι
699 1057 1188 1133 Pyanepsiorum‚
1241 1057 1426 1115 eidem
1475 1077 1593 1114 una
1635 1077 1767 1115 cum
1814 1045 2182 1138 Ἀρτέμιδι
2213 1056 2669 1134 Thargeliorum

491 1156 640 1212 festo
691 1155 784 1212 die
811 1150 878 1230 ¹).
957 1154 1222 1212 Fabulae
1267 1154 1579 1230 mythicae,
1631 1154 1847 1231 quibus
1888 1156 2181 1230 quomodo
2229 1157 2482 1214 ollarum
2528 1175 2670 1213 usus

489 1252 731 1328 Chytris
780 1258 838 1310 et
883 1253 1237 1330 Pyanepsiis
1285 1259 1529 1311 exortus
1578 1254 1655 1311 sit
1701 1253 1980 1324 traditur,
2040 1255 2278 1314 eaedem
2325 1255 2449 1312 fere
2496 1257 2664 1311 sunt:

488 1351 752 1408 homines
777 1352 1042 1428 periculo
1068 1352 1307 1410 liberati
1338 1352 1448 1410 deo
1481 1352 1815 1410 sacrificare
1839 1357 2251 1430 properanteS,
2280 1372 2411 1411 cum
2443 1351 2672 1410 hostiae

487 1450 777 1519 deessent,
828 1450 1111 1526 reliquias
1158 1450 1424 1508 ciborum
1469 1451 1530 1508 in
1578 1451 1727 1508 ollas
1774 1451 2050 1510 confusas
2096 1451 2324 1509 numini
2369 1470 2670 1510 consecra-

485 1553 628 1606 runt
644 1543 712 1622 2).
771 1546 890 1606 Sed
921 1554 989 1606 ut
1020 1548 1342 1623 genuinum
1368 1547 1732 1624 Chytrorum
1757 1549 2146 1608 caerimoniae
2178 1569 2413 1607 sensum
2438 1568 2670 1606 sacrum

483 1646 737 1704 inferum
777 1646 960 1705 fuisse
1000 1646 1377 1704 manifestum
1419 1650 1525 1718 est,
1576 1647 1662 1704 ita
1700 1645 2173 1724 Pyanepsiorum
2224 1652 2283 1705 et
2320 1645 2667 1722 Thargelio-

484 1763 615 1801 rum
672 1744 980 1802 sollemnia
1041 1743 1117 1801 ad
1172 1764 1419 1802 messem
1475 1749 1766 1821 spectant.
1870 1741 2019 1802 Cum
2080 1749 2278 1804 autem
2331 1743 2665 1820 Thargeliis

485 1841 662 1902 etiam
708 1842 969 1918 expiatio
1016 1841 1335 1900 tribuenda
1381 1843 1476 1913 sit,
1529 1863 1597 1900 eo
1630 1842 1819 1920 magis
1864 1842 1980 1900 huc
2025 1841 2267 1912 faciunt,
2318 1861 2448 1900 cum
2489 1860 2666 1918 quam

484 1945 612 1997 arte
658 1940 815 1998 inter
861 1960 924 1998 se
963 1939 1318 1998 cohaereant
1363 1940 1691 2002 inferorum
1735 1939 1947 2016 religio
1982 1945 2163 2015 atque
2208 1939 2445 2018 piacula
2489 1959 2667 1998 unus-

485 2038 732 2114 quisque
778 2038 1061 2096 memoria
1104 2043 1324 2096 teneat.

660 2135 936 2212 Denique
961 2130 1011 2212 3)
1073 2137 1222 2194 tales
1287 2137 1349 2194 in
1410 2157 1522 2196 usu
1583 2142 1753 2195 erant
1816 2137 1987 2207 ollae,
2052 2156 2198 2212 quas
2245 2136 2459 2212 quibus
2522 2135 2667 2196 cibis

488 2234 667 2292 fuisse
713 2235 988 2311 impletas
1036 2235 1217 2292 schol.
1253 2231 1445 2293 Arist.
1480 2235 1642 2294 Plut.
1706 2251 1864 2312 1197
1918 2236 2234 2292 memoriae
2278 2233 2483 2305 tradit,
2536 2253 2666 2292 cum

485 2331 592 2389 deo
628 2330 806 2389 alicui
836 2351 942 2390 ara
974 2332 1363 2392 dedicabatur
1401 2338 1505 2392 aut
1544 2338 1760 2404 statua,
1803 2331 2079 2392 videlicet
2115 2337 2184 2390 ut
2222 2336 2419 2390 essent
2456 2332 2669 2409 epulae

483 2429 756 2500 numinis,
807 2429 904 2488 cui
947 2451 1043 2488 res
1088 2432 1194 2489 illa
1239 2431 1699 2490 consecrabatur
1720 2426 1789 2506 4).
1884 2430 2093 2505 Neque
2138 2435 2337 2488 tamen
2394 2428 2667 2488 omnibus

483 2527 594 2584 diis
634 2527 695 2584 in
725 2547 793 2584 re
839 2528 1039 2604 aliqua
1069 2527 1396 2588 dedicanda
1441 2529 1664 2588 cibaria
1702 2529 2137 2600 offerebantur3
2190 2549 2397 2588 verum
2443 2527 2663 2606 potiuS,

486 2631 774 2700 quantum
823 2645 853 2682 e
899 2630 1022 2684 tam
1053 2627 1258 2703 parvis
1305 2627 1673 2704 exilibusque
1704 2633 1973 2685 veterum
2004 2625 2359 2684 testimoniis
2400 2625 2669 2702 intellegi

483 2729 700 2802 potest,
752 2723 864 2782 diis
909 2727 1146 2782 tantum
1176 2725 1420 2782 minoris
1466 2725 1743 2782 notionis.
1823 2723 1958 2783 Hoc
2005 2726 2133 2782 luce
2165 2723 2381 2782 clarius
2429 2723 2667 2782 demon-

483 2826 710 2880 stratur
750 2819 862 2880 Ar.
911 2821 1053 2880 Pac.
1103 2845 1159 2881 v.
1211 2840 1336 2900 923
1387 2843 1497 2899 sq„
1546 2823 1653 2881 ubi
1696 2828 1905 2882 auctor
1950 2843 2069 2880 non
2114 2821 2241 2882 sine
2287 2821 2487 2900 aliqua
2532 2839 2668 2880 con-

482 2921 807 2996 temptione
853 2919 1199 2996 chytrarum
1245 2925 1604 2998 apparatum
1647 2920 1879 3006 illuditz

523 3015 760 3078 ΤΡῩΓ.
1160 3013 1392 3100 ταύτην
1437 3016 1592 3098 (scil.
1641 3012 1945 3100 Εἰρήνην)
1992 3013 2256 3098 χύτραις
2302 3012 2623 3100 ἱδρυτέον;
2714 3081 2720 3088 ,

525 3113 713 3178 ΧΟΡ.
823 3112 1185 3198 χύτραισιν,·
1231 3106 1450 3198 ὥσπερ
1493 3113 1903 3199 μεμφόμενον
1948 3107 2269 3198 ςΕρμίδιον
2278 3135 2303 3187 ;

627 3362 671 3429 ²)
709 3361 790 3416 Cf.
830 3361 1249 3430 lexicographos
1285 3379 1327 3415 s.
1366 3378 1452 3414 w.
1480 3364 1783 3432 Πυανέψια
1822 3366 1878 3416 et
1906 3357 2212 3434 Θαργήλια.
2280 3357 2373 3413 Ab
2410 3357 2515 3411 hac
2550 3358 2668 3427 pul-

480 3442 549 3494 tis
575 3441 852 3496 oblatione
879 3439 1188 3514 εἰρεσιώνη,
1229 3458 1370 3510 quae
1406 3445 1649 3506 vocatur,
1691 3442 1751 3496 in
1770 3440 1957 3494 ‘Hmov
1993 3460 2054 3492 τε
2093 3445 2186 3492 καὶ
2218 3436 2396 3510 Ὡρῶν
2432 3437 2670 3493 honores

478 3521 906 3591 circumportata
954 3522 1292 3591 seiungenda
1337 3521 1474 3575 mihi
1522 3522 1770 3591 videtur3
1840 3521 1908 3576 cf.
1959 3515 2127 3576 schbl.
2179 3521 2279 3574 Ar.
2329 3517 2477 3571 Plut.
2535 3532 2668 3585 1054

479 3619 603 3655 cum
631 3601 902 3672 Porphyr.
929 3602 999 3655 de
1025 3602 1224 3655 abstin.
1286 3600 1364 3666 ΙΙ,
1406 3616 1467 3667 7;
1506 3605 1674 3670 atque
1710 3602 1820 3656 huc
1854 3602 2054 3667 refer0,
2090 3618 2232 3668 quae
2256 3598 2497 3668 Hesych.
2538 3617 2579 3652 s.
2617 3616 2668 3652 v.

480 3680 766 3754 θαργήλια
804 3683 1059 3737 adnotat:
1099 3683 1160 3733 ἐν
1195 3679 1256 3732 δὲ
1292 3694 1407 3736 τοῖς
1437 3679 1775 3754 Θαργηλίοις
1804 3679 1903 3737 τὰς
1934 3678 2190 3753 ἀπαρχὰς
2224 3681 2343 3732 τῶν
2368 3682 2669 3750 φυομένων

481 3765 777 3814 ποιοῦνται
815 3767 906 3814 καὶ
943 3765 1378 3834 περικομίζουσι.

624 3841 671 3910 ”)
710 3841 889 3897 Schol.
928 3841 1026 3896 Ar.
1068 3843 1209 3896 Rau.
1251 3844 1352 3894 218
1391 3860 1437 3895 0.
1476 3842 1602 3896 adn.
1639 3860 1693 3912 p.
1737 3847 1836 3908 518
1875 3843 2061 3898 Diibn.
2100 3841 2249 3896 Plut.
2286 3840 2450 3894 Thes.
2493 3854 2577 3893 22.

626 3921 671 3990 ³)
709 3922 796 3976 De
832 3922 992 3978 lance
1029 3926 1231 3986 satura,
1257 3939 1398 3990 quae
1430 3925 1620 3992 κέρνος
1644 3928 1891 3989 vocatur,
1922 3923 1981 3977 in
2002 3922 2200 3978 Matris
2222 3918 2465 3991 Magnae
2499 3920 2670 3974 sacris

481 4002 724 4069 mysticis
774 4003 1026 4058 adhibita
1072 4002 1198 4057 vide
1246 4002 1469 4057 Lobeck
1484 4043 1497 4068 ,
1562 4003 1837 4074 Aglaoph.
1889 4022 1942 4074 p.
1998 4007 2080 4056 26.
2166 4001 2380 4056 Preller
2394 4041 2407 4066 ‚
2458 3999 2670 4054 Polem.

477 4081 692 4152 Perieg.
745 4084 910 4153 frgm.
963 4101 1019 4152 p.
1075 4097 1171 4148 142
1209 4101 1327 4151 sqq.
1408 4082 1608 4137 Eidem
1655 4084 1793 4138 deae
1840 4085 1963 4155 puls
2013 4085 2191 4139 lactea
2240 4080 2669 4145 sacrificabatur,

478 4179 618 4230 quae
653 4161 889 4233 γαλαξὶα
927 4163 1246 4230 dicebatur3
1285 4164 1352 4216 cf.
1381 4163 1620 4232 Hesych.
1649 4182 1691 4218 s.
1716 4184 1766 4218 v.
1792 4163 2032 4236 γαλάξια
2061 4185 2072 4198 ·
2101 4160 2267 4237 ἑορτὴ
2308 4164 2369 4214 ἐν
2402 4152 2438 4227 ᾗ
2472 4163 2669 4231 ἕψουσι

462 4239 750 4311 ,γαλαξίαν
789 4263 799 4276 ·
841 4245 958 4295 ἔστι
997 4240 1055 4294 δὲ
1093 4239 1294 4298 πόλτος
1332 4246 1589 4316 κρίθινος
1625 4247 1688 4298 ἐν
1717 4244 1966 4316 γάλακτι.
2030 4245 2191 4299 Idem
2226 4243 2345 4297 fere
2380 4259 2467 4311 ap.
2494 4239 2669 4295 Bekk.

478 4321 690 4376 Anecd.
728 4340 781 4390 p.
811 4337 930 4388 229,
965 4335 1048 4388 25,
1087 4323 1182 4376 ubi
1217 4323 1442 4378 additur
1479 4323 1644 4397 ἑορτή
1669 4321 1973 4393 Ἀθήνῃσιν
2009 4329 2179 4398 μητρὶ
2204 4324 2366 4376 θεῶν
2403 4318 2669 4391 ἀγομένη.

623 4402 671 4472 ⁴)
711 4402 779 4457 V.
819 4403 1064 4476 Hesych.
1103 4421 1144 4457 s.
1182 4421 1232 4458 v.
1273 4402 1569 4480 ἱδρύεσθαι
1608 4425 1620 4438 ·
1660 4407 1754 4458 ἐπὶ
1790 4409 1861 4476 τῇ
1901 4403 2112 4482 ἱδρύσει
2150 4405 2349 4474 στῆσαι
2387 4398 2615 4473 χύτραν.
