3325 5392
1493 543 1572 603 33

439 689 641 748 iuncta
686 683 936 764 01011111).
1001 685 1212 762 Neque
1248 685 1312 744 id
1334 695 1462 763 'pro
1503 689 1667 745 certo
1708 685 2087 745 statuendum
2128 691 2220 744 est
2250 697 2384 746 eum·
2412 686 2621 746 heroas

439 787 646 845 beatos
693 786 1046 863 appellasse,
1099 800 1232 842 cum
1279 785 1603 862 fragmenti
1635 799 1737 862 35,
1790 785 1946 843 unde
1994 784 2057 842 id
2098 786 2327 843 elucere
2366 784 2620 856 videtur,

442 889 728 960 qnantum
761 881 1100 942 Stes-ichoro
1139 882 1522 942 tribuendum
1563 884 1659 956 sit,
1695 883 1869 942 valde
1902 883 2227 942 dubitetur.
2292 881 2397 940 Sin
2428 887 2624 942 autem

441 987 603 1042 recte
644 1002 771 1040 sese
813 982 1012 1052 habet,
1059 981 1220 1057 quod
1259 981 1374 1039 viri
1411 981 1573 1040 docti
1609 981 1688 1040 ad
1727 986 1964 1058 poetam
2004 987 2274 1040 nostrum
2323 981 2622 1051 revocant,

439 1081 504 1139 id
551 1081 902 1139 documento
955 1085 1046 1137 est
1095 1080 1253 1137 inter
1302 1079 1443 1138 deos
1495 1085 1556 1138 et
1603 1078 1871 1138 homines
1920 1099 2053 1138 eum
2092 1079 2299 1138 beatos
2340 1079 2626 1156 quosdam

443 1178 779 1250 collocasse,
825 1177 930 1254 qui
967 1177 1052 1235 1111
1091 1177 1208 1235 nisi
1244 1177 1456 1237 heroes
1495 1178 1757 1237 habendi
1798 1183 1955 1237 sunt.

619 1273 917 1353 Sequatur
946 1273 1286 1360 Alcaeus,
1332 1277 1434 1352 qui
1464 1273 1765 1334 Achillem
1808 1280 1876 1333 ut
1906 1273 2185 1352 Scythiae
2224 1295 2427 1352 regem
2468 1274 2629 1334 adfa—

440 1380 537 1434 tus
580 1379 672 1433 est
713 1375 855 1450 (frg.
894 1375 976 1452 48
1009 1374 1107 1451 B),
1153 1374 1315 1450 quod
1354 1394 1475 1432 non
1515 1375 1855 1446 miraberis,
1912 1375 1964 1432 si
2013 1375 2229 1444 famam
2278 1375 2351 1432 de
2392 1371 2629 1432 Achille

441 1473 503 1531 in
550 1473 623 1530 iis
685 1473 1030 1549 regionibus
1088 1472 1374 1530 collocato
1424 1473 1540 1535 iam
1592 1473 1793 1531 multis
1842 1473 2013 1530 annis
2062 1477 2201 1530 ante
2246 1473 2323 1531 ab
2372 1471 2629 1532 Arctino

442 1570 888 1648 pronuntiatam
939 1571 1136 1629 animo
1184 1571 1524 1630 recolueris·
1633 1569 1755 1630 Sed
1816 1572 1941 1629 sive
1993 1570 2143 1628 hanc
2198 1571 2631 1630 adlocutionem

440 1670 503 1726 in
563 1668 784 1745 hymno
848 1668 1233 1744 (simillimum
1296 1675 1388 1727 est
1449 1669 1655 1744 hymni
1722 1670 1784 1726 in
1836 1669 2196 1727 Mercurium
2258 1670 2482 1728 conditi
2535 1689 2631 1726 ex-

443 1767 703 1826 ordium:
778 1768 895 1844 frg.
965 1769 1056 1843 5),
1124 1767 1248 1824 sive
1307 1766 1371 1824 in
1433 1768 1614 1825 scolio
1677 1766 1819 1826 fecit
1878 1773 2083 1844 poeta,
2165 1767 2404 1826 heroem
2474 1766 2633 1844 apud

441 1865 692 1924 Lesbios
756 1882 973 1942 magna
1032 1865 1292 1922 fructum
1354 1885 1484 1922 esse
1549 1866 1905 1924 auctorita-te
1970 1865 2105 1924 inde
2166 1885 2276 1942 per
2330 1887 2391 1924 se
2441 1869 2627 1944 patet.

445 1962 648 2022 Simile
688 1969 855 2022 extat
883 1963 1168 2041 poematii
1207 1964 1606 2038 fragmentum
1648 1964 1758 2040 (48
1792 1961 1899 2040 A),
1946 1980 2061 2040 quo
2095 1962 2354 2023 Alcaeus
2386 1961 2633 2026 Aiacem

445 2062 878 2134 celebraverat,
929 2063 1033 2120 ubi
1083 2063 1282 2120 nescio
1331 2081 1407 2120 an
1455 2067 1616 2120 recte
1667 2062 1965 2140 Bergk'rus
2016 2066 2257 2138 poetam
2304 2063 2501 2140 ipsum
2547 2061 2634 2118 A·

444 2161 632 2218 iacem
665 2160 1005 2221 adlocutum
1039 2180 1168 2218 esse
1209 2159 1526 2218 coniecerit
1567 2160 1783 2219 collato
1824 2161 2005 2218 000110
2050 2179 2072 2220 1
2088 2177 2143 2239 7.
2224 2159 2399 2234 Quod
2438 2167 2635 2219 autem

443 2263 624 2335 poeta
662 2258 770 2316 hos
801 2257 1178 2335 potissimum
1217 2258 1431 2317 heroas
1463 2256 1764 2316 Achillem
1806 2265 1881 2332 et,
1929 2261 2032 2336 qui
2072 2260 2294 2318 virtute
2336 2260 2389 2317 ei
2436 2259 2635 2336 proxi-

445 2377 572 2414 mus
615 2361 770 2428 erat,
824 2353 1078 2415 Aiacem
1135 2357 1222 2414 ita-
1260 2356 1603 2428 honoravit,
1659 2356 1785 2415 eius
1825 2358 1915 2416 rei
1954 2378 2130 2416 causa
2171 2358 2427 2416 fortasse
2467 2360 2639 2414 erant

445 2455 754 2514 notissima
791 2475 996 2514 eorum
1037 2455 1309 2533 sepulcra
1347 2474 1468 2512 non
1508 2455 1594 2513 ita
1632 2457 1842 2531 procul
1882 2477 1918 2514 a
1957 2455 2157 2514 Lesbo
2198 2455 2500 2527 distantia,
2534 2454 2638 2512 ubi

449 2554 687 2612 inferias
723 2554 796 2612 iis
837 2553 1067 2612 oblatas
1107 2554 1289 2612 fuisse
1329 2550 1548 2612 Strabo
1588 2553 1775 2626 XIII,
1822 2556 1951 2632 596·
1993 2555 2139 2614 satis
2177 2557 2455 2612 testatur.

623 2652 1110 2713 Mimnermum
1140 2652 1372 2710 Daetae
1411 2651 1612 2710 herois
1654 2653 2013 2711 mentionem
2055 2653 2264 2711 fecisse
2294 2651 2637 2709 Demetrius

449 2746 724 2826 Scepsius
767 2771 862 2828 ap.
907 2747 1133 2809 Athen.
1179 2749 1294 2822 IV,
1347 2769 1407 2827 p.
1464 2766 1581 2827 174
1625 2771 1661 2808 a
1702 2752 1812 2826 (=
1855 2753 1972 2828 frg.
2027 2751 2099 2811 18
2158 2751 2390 2826 Mimu.)
2433 2754 2640 2808 auctor

449 2852 558 2920 est,
602 2853 803 2906 tamen
843 2869 986 2906 num
1027 2849 1144 2906 iam
1185 2851 1365 2924 poeta
1408 2867 1540 2906 eum
1581 2849 1744 2926 apud
1774 2847 2063 2908 Troianos
2110 2848 2418 2926 religionis
2456 2847 2639 2905 hono-

447 2945 615 3003 ribus
660 2945 1003 3005 decoratum
1045 2965 1172 3005 esse
1215 2945 1564 3018 condiderit,
1610 2947 1748 3005 inde
1791 2967 2084 3024 apparere
2123 2964 2241 3005 non
2284 2947 2538 3005 videtur.

624 3043 813 3102 Paulo
858 3045 994 3122 plus
1035 3049 1347 3122 praestant
1388 3045 1726 3120 fragmenta
1756 3044 1985 3120 Ibyci,
2032 3045 2134 3120 qui
2179 3042 2504 3104 Stesichori
2543 3065 2638 3103 ve-

449 3141 629 3218 stigia
679 3163 955 3220 premens
1007 3143 1186 3202 etiam
1234 3142 1495 3202 carmina
1543 3143 1620 3202 ad
1670 3143 1961 3218 mythicas
2006 3143 2240 3202 fabulas
2280 3143 2638 3221 applicabat.

448 3239 512 3297 Is
577 3240 734 3298 enim
797 3240 1166 3316 Polyxenam
1230 3261 1266 3300 a
1329 3241 1723 3319 Neoptolemo
1771 3239 2000 3300 Achilli
2062 3241 2452 3302 sacrificatam
2515 3262 2643 3300 esse

451 3338 716 3396 condidit
765 3339 908 3416 (frg.
970 3339 1105 3416 36),
1159 3339 1210 3396 is
1252 3337 1553 3399 Achillem
1600 3341 1664 3399 in
1703 3340 1909 3416 Elysio
1961 3345 2292 3399 morantem
2340 3341 2645 3400 coniunxit

451 3456 580 3494 cum
622 3435 833 3496 Medea
875 3439 1016 3514 (frg.
1067 3441 1202 3516 37),
1259 3438 1310 3497 is
1362 3439 1603 3498 tandem
1652 3439 2003 3498 Diomedem
2053 3438 2267 3497 divinis
2318 3439 2642 3497 honoribus

450 3535 748 3594 adfectum
781 3557 908 3595 esse
948 3537 1122 3595 finxit
1155 3538 1295 3614 (frg.
1333 3538 1461 3614 38).
1549 3537 1766 3614 Itaque
1808 3539 2041 3596 easdem
2083 3539 2209 3596 fere
2250 3537 2324 3595 de
2364 3537 2644 3595 heroibus

451 3635 777 3693 sententias
832 3635 1138 3712 paululum
1179 3641 1434 3695 mutatas
1495 3641 1556 3694 et
1605 3637 1995 3713 amplificatas
2045 3635 2206 3713 apud
2256 3635 2505 3712 Ibycum
2556 3655 2644 3693 re-

453 3732 736 3808 1101110υο,
775 3753 926 3810 quae
957 3733 1075 3792 iam
1107 3739 1245 3792 ante
1275 3735 1338 3792 in
1370 3735 1729 3794 carminibus
1762 3735 1997 3811 cyclicis
2031 3734 2201 3792 nobis
2234 3733 2643 3792 occurrebant.

631 3829 805 3904 Quod
843 3831 939 3888 hic
981 3836 1162 3908 poeta
1203 3833 1276 3898 de
1317 3830 1573 3892 Achillis
1615 3853 1745 3890 cum
1785 3831 1997 3892 Medea
2039 3833 2290 3890 conubio
2332 3831 2530 3904 finxit,
2585 3832 2645 3890 id

453 3929 633 3988 etiam
672 3926 1074 3988 Simonides
1107 3929 1284 3989 Ceus
1327 3933 1584 3990 carmine
1624 3933 1949 3991 celebravit
1991 3937 2171 4007 atque
2211 3937 2279 3988 ut
2319 3931 2427 3989 hac
2472 3932 2534 3989 in
2582 3940 2647 3989 1‘e

600 4209 644 4278 ¹)
681 4209 829 4278 Quin
866 4208 1036 4263 etiam
1071 4211 1160 4264 vir
1197 4229 1440 4266 summus
1465 4213 1525 4267 C.
1551 4211 1614 4267 O.
1641 4212 1873 4280 Miiller,
1918 4211 2141 4266 Griech.
2169 4211 2311 4267 Litt.
2356 4212 2418 4266 ³1
2454 4231 2506 4281 p.
2547 4227 2646 4280 337

453 4289 754 4345 Stesichori
791 4290 1042 4344 0011111110
1079 4307 1108 4344 0
1145 4291 1339 4346 diebus
1385 4292 1536 4348 festis
1584 4293 1642 4346 in
1690 4294 1922 4348 heroum
1969 4293 2205 4346 honores
2241 4311 2341 4362 per
2385 4311 2641 4362 magnam

455 4370 745 4426 Graeciam
785 4373 1079 4428 celebratis
1116 4374 1386 4443 originem
1423 4374 1654 4427 traxisse
1693 4373 1925 4442 putavit.

2291 4467 2326 4520 3
