3325 5392
1467 526 1546 592 ²9

416 666 472 731 v'.
504 671 564 730 d.
600 665 911 748 Hartung,
949 666 1074 732 Die
1104 668 1390 755 Reliqion
1419 693 1477 732 u.
1513 666 1769 754 Mythol.
1803 667 1863 730 d.
1906 663 2193 732 &stechen
2223 669 2277 744 I,
2314 689 2442 734 200
2464 691 2593 750 sqq.

414 768 651 828 Placuit
691 768 846 827 enim
889 769 976 828 illi
1004 771 1217 831 heroas
1262 791 1384 830 non
1429 770 1544 829 nisi
1590 771 1731 830 deos
1778 769 1978 842 fuisse,
2023 790 2274 847 quorum
2312 768 2599 848 primaria

406 866 506 927 .vis
568 866 852 945 notioque
921 869 1236 928 obscurata
1303 873 1482 947 atque
1548 868 1821 945 neglecta
1888 867 2117 927 fuisset.
2210 866 2323 927 Oui
2379 868 2597 927 iudicio

415 965 500 1024 ita
531 965 593 1023 in
623 964 966 1025 universum
1005 967 1127 1025 lato
1175 972 1334 1032 certe
1381 967 1529 1025 fides
1575 965 1921 1043 abroganda
1966 971 2075 1025 est.
2167 966 2321 1028 Nam
2368 967 2600 1026 etiamsi

418 1064 852 1122 concedendum
901 1063 1177 1124 videatur
1221 1064 1283 1122 in
1339 1063 1589 1141 singulis
1650 1064 1932 1124 heroibus
1993 1065 2204 1124 latere2
2238 1064 2429 1142 iisque
2497 1065 2598 1124 ad-

413 1161 665 1220 mixtum
713 1183 840 1220 esse
887 1162 1110 1240 aliquid
1156 1162 1361 1236 divini,
1410 1168 1610 1223 tamen
1639 1162 1888 1222 heroum
1920 1162 2361 1222 multitudinem
2393 1163 2602 1241 negari

411 1266 613 1337 potest
659 1259 946 1337 originem
994 1282 1025 1319 e
1072 1260 1304 1339 superis
1350 1261 1625 1322 traxisse.

593 1377 821 1436 Verum
869 1375 1089 1436 dixerit
1135 1375 1266 1454 quis
1315 1397 1388 1434 ex
1431 1376 1522 1449 iis,
1560 1397 1712 1454 quae
1756 1375 1992 1434 iamiam
2038 1377 2113 1434 de
2152 1375 2398 1435 heroum
2438 1378 2602 1438 cultu

414 1476 718 1552 comperta
763 1476 1046 1534 habemus
1065 1517 1080 1548 ,
1147 1475 1406 1533 nondum
1454 1475 1733 1551 colligere
1780 1475 1959 1533 licere
2006 1494 2208 1532 eorum
2253 1473 2601 1552 religionem

413 1573 743 1632 derivatam
790 1595 917 1632 esse
964 1573 1039 1632 ab
1088 1572 1416 1632 inferorum
1463 1572 1865 1632 veneratione.
1959 1571 2249 1630 Attamen
2288 1573 2353 1631 id
2392 1575 2600 1632 saltem

413 1671 604 1730 adhuc
635 1693 742 1730 nos
779 1676 1079 1731 assecutos
1123 1689 1250 1728 esse
1283 1672 1583 1744 concedes,
1633 1676 1719 1742 ut,
1766 1691 1897 1728 cum
1936 1671 2145 1728 heroes
2188 1676 2247 1729 et
2276 1671 2601 1731 inferorum

415 1767 537 1826 ritu
587 1774 664 1842 et,
713 1775 782 1828 ut
826 1769 914 1828 ita
959 1768 1167 1841 dicam,
1218 1768 1475 1827 humano
1522 1769 1722 1846 potius
1770 1789 1948 1846 quam
1996 1767 2197 1827 divino
2237 1768 2413 1828 modo
2459 1768 2604 1828 culti

367 1857 370 1860 ⁴
413 1867 550 1940 sint,
603 1888 806 1927 eorum
854 1888 986 1926 cum
1033 1865 1264 1943 superis
1311 1886 1527 1924 nexum
1573 1867 1636 1924 in
1681 1867 2024 1926 universum
2071 1865 2431 1926 reiciendum
2474 1887 2601 1926 esse

415 1972 722 2044 appareat.

589 2083 803 2159 Itaque
872 2101 1026 2140 1111110
1095 2101 1203 2139 1103
1273 2086 1575 2140 vertamus
1651 2081 1728 2138 ad
1804 2085 2092 2139 veteres
2172 2079 2600 2140 Graecorum

414 2201 441 2238 s
453 2201 482 2238 c
493 2181 604 2258 rip
621 2185 649 2238 t
659 2201 693 2239 0
705 2202 737 2239 1
749 2201 780 2238 0
791 2201 818 2238 3
833 2223 846 2254 ,
913 2199 1054 2236 1111111
1123 2200 1194 2236 ex
1255 2179 1328 2236 iis
1376 2179 1520 2256 quid
1565 2180 1637 2238 de
1700 2179 1945 2238 heroum
2007 2179 2311 2255 religionis
2371 2179 2601 2257 origine

417 2274 626 2337 eruere
673 2279 988 2358 possimus.

597 2393 932 2466 Ordiamur,
982 2398 1050 2452 ut
1095 2414 1207 2471 par
1249 2398 1355 2465 est,
1407 2394 1480 2452 ab
1513 2393 1810 2452 Homeri
1857 2393 2234 2466 carminibus,
2286 2414 2317 2450 e
2364 2393 2597 2471 quibus,

414 2498 732 2570 antequam
774 2493 851 2550 ad
889 2492 1102 2550 heroas
1141 2491 1304 2570 ipsos
1335 2492 1773 2568 aggrediamur,
1825 2491 1968 2569 quid
2014 2492 2087 2550 de
2133 2491 2393 2550 manium
2440 2492 2602 2551 cultu

412 2591 731 2663 discamus,
797 2590 848 2648 si
915 2591 1090 2664 libet,
1153 2611 1522 2668 quaeramus,
1617 2589 1991 2649 Mortuorum
2046 2590 2288 2662 animas,
2348 2611 2478 2649 cum
2538 2591 2601 2648 in

413 2688 634 2747 Orcum
681 2689 1121 2761 descenderint,
1180 2689 1422 2747 umbras
1479 2687 1648 2766 quasi
1703 2687 2091 2766 vivorumque
2136 2688 2425 2765 imagines
2470 2689 2602 2747 fieri

412 2776 646 2845 ‘tenues
707 2786 834 2844 sine
890 2808 1140 2866 corpore
1202 2776 1402 2860 vitas',
1462 2787 1677 2864 quibus
1722 2807 1830 2844 nec
1877 2785 2034 2846 vires
2090 2786 2209 2846 sint
2262 2809 2370 2846 nec
2414 2808 2597 2860 mens,

414 2890 538 2942 tam
566 2889 772 2943 notum
818 2890 924 2956 est,
969 2890 1038 2943 ut
1083 2885 1213 2943 loca
1259 2885 1537 2962 adlegare
1578 2885 1970 2962 supersedere
2004 2905 2213 2962 queam
2238 2881 2307 2963 ¹).
2386 2886 2601 2962 Itaque

423 2980 474 3038 31
505 2978 774 3056 Graecos,
825 2988 1035 3061 utpote
1068 2982 1171 3060 qui
1209 2982 1478 3060 plerique
1525 2984 1674 3040 hanc
1721 2987 1954 3040 tantum
2000 2983 2184 3042 vitam
2232 2990 2509 3043 curarent
2527 2979 2597 3062 2),

415 3078 733 3138 familiares
790 3087 1057 3140 mortuos
1111 3086 1426 3159 tantopere
1489 3080 1648 3139 omni
1712 3099 1889 3138 sensu
1953 3080 2221 3157 privatos
2284 3082 2601 3159 neglegere

416 3177 778 3253 videremuS,
839 3179 970 3257 quis
1027 3179 1201 3238 nimis
1257 3177 1616 3238 miraretur}>
1707 3175 1914 3255 Atque
1969 3178 2033 3236 id
2096 3178 2334 3255 quidem
2399 3200 2601 3238 conce-

417 3276 675 3335 dendum
723 3282 813 3336 est
856 3298 976 3336 non
1021 3283 1144 3336 tam
1193 3277 1547 3355 explicatam
1594 3277 2019 3354 dilatatamque
2066 3275 2127 3334 in
2182 3277 2275 3334 his
2331 3279 2601 3337 carmini-

415 3374 525 3432 bus
571 3395 680 3432 1103
734 3375 1000 3434 invenire
1055 3375 1432 3453 religionem,
1501 3395 1679 3452 quam
1734 3373 2167 3452 posterioribus
2230 3375 2601 3454 temporibus

414 3471 542 3532 vita
597 3472 891 3532 defunctis
947 3475 1206 3533 oblatam
1263 3474 1540 3547 sciamus;
1602 3473 1687 3530 nil
1742 3472 2046 3550 proditum
2100 3493 2208 3531 nos
2262 3474 2481 3533 habere
2528 3475 2602 3532 de

415 3569 598 3628 sacris
645 3571 1070 3630 anniversariis·
1111 3571 1406 3652 certisque
1437 3571 1648 3630 diebus
1688 3570 1998 3644 institutis,
2034 3570 2249 3648 quibus
2282 3571 2601 3630 familiares

413 3667 705 3745 amicique
781 3675 1046 3729 mortuos
1122 3670 1484 3729 honorarent
1559 3668 1973 3748 propitiosque
2056 3667 2170 3726 sibi
2261 3669 2598 3729 redderent.

413 3765 568 3826 Nam
593 3766 757 3825 aliud
780 3772 871 3826 est
901 3774 1166 3828 mortuos
1200 3767 1447 3834 solemni
1481 3768 1791 3846 sepultura
1823 3767 2209 3845 distinguere,
2243 3773 2313 3826 ut
2334 3766 2602 3826 Achilles

563 4099 605 4169 ²)
644 4099 710 4154 E.
744 4117 789 4155 0.
823 4100 892 4155 cf.
925 4100 1170 4167 Nitzsch,
1208 4101 1357 4156 Adn.
1396 4102 1466 4155 ad
1491 4101 1594 4156 Ο(1.·
1632 4100 1731 4155 III
1767 4120 1821 4171 p.
1856 4113 1969 4168 175.
2032 4101 2396 4171 Nagelsbach‚
2434 4101 2601 4158 Hom.

426 4178 716 4252 Theoloy.²
764 4199 819 4250 p.
860 4184 960 4248 398
1001 4199 1121 4251 sqq.
1195 4180 1426 4248 Teuffel,
1463 4181 1626 4237 Stud.
1661 4200 1719 4236 u.
1766 4180 2088 4237 Charakter.
2156 4200 2210 4251 p.
2251 4198 2334 4250 37.

564 4277 612 4348 ¹')
647 4277 900 4345 Nitz-sch,
951 4279 1038 4333 De
1076 4278 1389 4348 apotheosis
1415 4288 1513 4348 ap.
1551 4278 1748 4334 Graec.
1768 4280 1991 4349 vulgat.
2032 4297 2175 4334 00113.
2214 4281 2343 4335 diss.
2416 4281 2603 4334 Kiliae

423 4361 560 4424 1840
593 4377 648 4429 p.
689 4363 740 4414 6.

2244 4449 2319 4505 2*
