3325 5392
1758 507 1841 566 40

1178 645 1315 714 ἔστι
1359 647 1430 712 δὲ
1475 652 1584 712 καί
1627 673 1693 712 τι
1740 646 2151 713 θανόντεσσιν
2193 651 2387 733 μέρος

1178 771 1297 811 καν
1340 747 1532 828 νόμον
1577 743 1916 833 ἐρόόμενον
1939 745 2009 826 ²).

1176 844 1611 930 κατακρύπτει
1657 837 1717 908 δ’
1764 837 1837 908 οὗ
1881 843 2051 920 κόνις

1177 942 1492 1028 συγγόνων
1537 940 1761 1008 κεδνὰν
1806 941 2009 1028 χάριν.

699 1097 904 1156 Verba
940 1098 1026 1155 ibi
1063 1099 1207 1156 facit
1245 1077 1450 1158 noster
1489 1098 1563 1156 de
1603 1097 1797 1176 gloria
1846 1102 1905 1155 et
1955 1097 2250 1168 laudibu8‚
2320 1117 2468 1173 quas
2531 1096 2889 1174 Blepsiadae

699 1196 964 1254 victoriis
1020 1196 1257 1274 egregie
1310 1197 1632 1278 reportatis
1686 1195 1988 1254 consecuti
2028 1199 2184 1254 sunt.
2280 1193 2510 1273 Quibus
2563 1194 2890 1254 honoribus

699 1313 819 1351 non
883 1293 1074 1352 solum
1137 1295 1489 1373 superstites
1553 1295 1795 1372 cognati
1857 1294 2165 1366 fruuntur,
2234 1293 2389 1352 sicut
2450 1291 2890 1377 Alcimedontis

697 1412 842 1450 avus
886 1393 964 1467 (V.
1017 1395 1141 1470 70),
1186 1413 1392 1451 verum
1433 1393 1610 1452 etiam
1661 1393 1928 1451 defuncti
1976 1391 2231 1454 maiores
2280 1392 2588 1468 praeclaro
2638 1391 2891 1458 familia-

697 1489 851 1548 rium
879 1488 1091 1548 decore
1123 1491 1511 1562 delectantur,
1549 1490 1712 1567 quod
1744 1491 2058 1567 quominus
2091 1489 2445 1568 percipiant,
2481 1489 2893 1573 sepulcrorum

696 1586 893 1670 pulvis
933 1607 1054 1646 non
1096 1588 1315 1648 obstat.
1409 1587 1617 1666 Atque
1657 1588 2055 1670 pulcherrime
2096 1592 2264 1654 vates
2305 1586 2458 1646 hanc
2501 1591 2894 1663 cognatorum

697 1685 949 1762 gloriam
990 1687 1083 1744 vel
1141 1707 1251 1763 pro
1310 1688 1535 1746 inferiis
1577 1687 1827 1746 mortuis
1868 1685 2129 1750 oblatam
2170 1706 2301 1744 esse
2350 1683 2517 1758 dicit3
2572 1705 2711 1743 nam
2762 1704 2894 1742 sen-

694 1783 943 1841 tentiam
973 1783 1280 1856 Boenkhii,
1317 1785 1421 1865 qui
1450 1786 1647 1845 verbis
1689 1804 1807 1845 καν
1852 1779 2044 1861 νόμον
2082 1788 2321 1866 poetam
2370 1781 2446 1840 ad
2492 1782 2737 1843 inferias
2779 1783 2897 1840 rite

697 1885 1071 1941 consecratas
1111 1883 1407 1960 respicere
1449 1902 1677 1941 summo
1726 1883 1855 1944 iure
1903 1881 2079 1952 vidit,
2136 1901 2241 1939 cur
2278 1900 2399 1938 non
2440 1880 2891 1962 amplectamur,

697 1978 916 2036 nescio.
1011 1977 1200 2052 Extat
1247 1981 1461 2058 igitur,
1518 1997 1650 2040 cum
1700 1981 1985 2040 usitatum
2036 1979 2219 2042 fuisse
2258 1982 2524 2039 mortuos
2564 1976 2897 2044 honoribus

697 2075 1053 2153 quibusdam
1093 2077 1346 2137 adficere
1386 2080 1523 2137 inde
1565 2079 1813 2155 colligas
1844 2098 2086 2137 necesse
2119 2077 2213 2148 sit,
2260 2081 2425 2135 certa
2456 2075 2581 2135 eius
2612 2077 2701 2134 rei
2731 2095 2899 2134 men·-

693 2175 800 2263 tio,
851 2195 1003 2250 quae
1041 2170 1125 2236 τὰ
1169 2171 1553 2256 νομιζόμενα
1601 2198 1636 2235 a
1676 2173 1918 2236 Graecis
1970 2176 2275 2254 appellata
2334 2174 2677 2251 saepissime
2731 2173 2901 2252 apud

696 2273 1057 2350 posteriores
1113 2279 1388 2334 auctores
1407 2269 1456 2352 ⁹)
1513 2275 1790 2333 occurrit.
1884 2273 1979 2336 Re
2040 2277 2240 2346 autem
2302 2292 2444 2331 vera
2505 2270 2579 2330 de
2641 2271 2900 2338 mortuis

696 2369 1056 2446 hominibus,
1116 2392 1237 2430 non
1290 2372 1364 2432 de
1417 2374 1697 2432 heroibus
1750 2377 1991 2451 poetam
2049 2371 2344 2448 cogitasse
2408 2369 2623 2432 docent
2680 2390 2899 2432 versus

695 2473 1037 2544 sequentes,
1084 2471 1300 2549 quibus
1340 2470 1560 2549 Iphion
1622 2473 1832 2530 nuntio
1879 2470 2163 2530 victoriae
2212 2469 2412 2528 adlato
2463 2466 2899 2529 Callimachum

696 2566 1057 2642 adloquitur.
1152 2569 1306 2629 Nam
1347 2568 1658 2646 Iphionem
1706 2572 1957 2646 patrem,
2001 2566 2428 2627 Callimachum
2467 2570 2749 2644 patruum
2783 2564 2899 2625 Al-

651 2703 667 2718 .
697 2663 1069 2737 cimedontis‚
1124 2671 1440 2744 utrumque
1487 2672 1789 2726 mortuum
1829 2687 1958 2724 esse
1997 2665 2317 2724 scholiasta
2366 2665 2631 2724 adnotat.

873 2769 1028 2832 Item
1061 2770 1130 2830 O.
1166 2771 1346 2844 XIV,
1387 2779 1480 2832 '20
1513 2794 1644 2850 sqq.
1698 2773 1859 2850 patri
1908 2771 2186 2830 defuncto
2247 2771 2435 2830 filium
2490 2770 2703 2830 vicisse
2743 2793 2899 2831 nun-

695 2869 882 2929 tiatur
941 2868 1027 2926 ita
1073 2874 1300 2943 tamen,
1352 2873 1421 2928 ut
1470 2891 1590 2929 non
1630 2859 1939 2955 Ἀγγελία,
1990 2868 2095 2928 sed
2134 2857 2301 2948 Ἠχὼ
2348 2889 2385 2928 a
2422 2871 2603 2946 poeta
2641 2868 2704 2926 in
2743 2869 2899 2927 Pro-

697 2966 972 3042 serpinae
1034 2988 1284 3044 regnum
1339 2969 1687 3029 demittatur
1706 2965 1774 3047 ⁸).
1869 2969 2041 3029 Unus
2105 2969 2269 3027 locus
2333 2967 2598 3043 reliquus
2663 2972 2755 3026 est
2822 2967 2901 3026 de

697 3084 814 3140 quo
864 3085 1054 3142 pauca
1095 3067 1334 3140 addam,
1381 3088 1514 3127 cum
1557 3068 1993 3148 aliquantulum
2033 3065 2215 3126 distet
2263 3065 2339 3124 ab
2388 3065 2481 3136 iis,
2525 3084 2675 3141 quos
2716 3065 2899 3124 modo

697 3167 1179 3223 commemoravi:
1225 3165 1404 3244 Pyth.
1450 3167 1526 3238 V,
1575 3167 1658 3244 96
1701 3185 1832 3242 sqq.
1926 3165 2023 3223 De
2060 3164 2241 3222 heroe
2281 3161 2613 3224 Aristotele
2654 3163 2899 3222 locutus

694 3263 874 3338 poeta
921 3261 1149 3341 pergit:
1211 3259 1492 3322 Seorsum
1542 3268 1741 3322 autem
1782 3267 1921 3321 ante
1960 3261 2197 3344 domus,
2264 3260 2486 3337 inquit,
2553 3260 2750 3319 iacent
2791 3261 2901 3319 alii

696 3357 850 3416 sacri
889 3377 1080 3438 reges,
1126 3359 1230 3435 qui
1269 3363 1518 3418 mortem
1570 3360 1907 3432 subierunt,
1967 3359 2169 3434 ibique
2211 3358 2321 3417 sub
2376 3358 2667 3434 sepulcris
2724 3378 2901 3424 suam

695 3455 1039 3520 felicitatem
1090 3455 1318 3541 filiique
1367 3456 1621 3534 gloriam
1670 3458 2027 3544 percipiunt.
2146 3454 2656 3535 Quemadmodum
2705 3455 2901 3536 igitur

697 3552 842 3611 locis
885 3552 1140 3612 laudatis
1184 3555 1433 3614 maiores
1476 3551 1742 3614 defuncti
1784 3561 2172 3632 cognatorum
2219 3553 2545 3619 honoribus
2587 3554 2893 3630 fruuntur,

699 3651 964 3727 adaeque
1014 3656 1220 3710 nostro
1272 3653 1428 3726 loco;
1499 3654 1729 3713 accedit
1781 3673 2005 3726 verum,
2065 3653 2227 3730 quod
2274 3652 2371 3711 hic
2434 3651 2588 3728 regii
2636 3651 2897 3711 maiores

695 3749 850 3807 sacri
909 3749 1307 3827 appellantur.
1417 3751 1593 3812 Unde
1655 3752 1827 3810 facile
1892 3751 2153 3828 suspicio
2217 3750 2484 3809 nascitur
2544 3749 2653 3808 hos
2716 3769 2896 3826 reges

842 3991 887 4061 1)
925 3991 1017 4054 Sin
1061 4012 1186 4054 oum
1235 3995 1393 4054 codd.
1443 3995 1667 4056 Boeckh
1712 3995 1933 4064 Bergk;
1984 3992 2305 4067 ἐρδομένων
2342 3993 2673 4058 Schmidius,
2724 4011 2895 4062 quem

695 4076 912 4137 secutus
962 4077 1046 4136 est
1083 4072 1272 4131 Christ
1317 4075 1501 4136 nescio
1538 4091 1648 4144 qua
1698 4091 1825 4134 usus
1862 4073 2100 4140 ratione,
2149 4091 2275 4132 cum
2316 4073 2428 4128 iam
2466 4072 2779 4138 Boeckhius
2816 4073 2894 4138 ad

694 4152 730 4205 l.
770 4151 805 4205 l.
846 4152 989 4207 hanc
1026 4153 1354 4209 refutaverit
1389 4155 1781 4209 coniecturam.

838 4240 889 4310 ⁹).
921 4241 1003 4296 Ut
1039 4260 1211 4297 unum
1248 4244 1498 4299 adferam
1521 4242 1771 4310 Isaeum3
1818 4242 1886 4297 cf.
1924 4241 2237 4300 Schismann
2273 4243 2345 4302 ad.
2374 4241 2431 4313 Ι,
2465 4257 2529 4298 10
2552 4260 2604 4318 p.
2638 4245 2733 4296 182
2764 4260 2843 4316 sq.

841 4331 886 4402 ⁸)
924 4331 1004 4388 Of.
1044 4331 1262 4402 Dissen,
1299 4332 1572 4394 Adnotat.
1607 4350 1662 4406 p.
1700 4334 1819 4401 389.
1917 4368 1925 4380 .
