3325 5392
1740 481 1817 540 14

679 623 904 688 πᾶσαν
945 615 1186 710 ἡμέραν
1228 621 1534 698 θύονται,
1597 622 1709 685 καὶ
1762 617 2057 705 τράπεζα
2110 617 2505 704 παράκειται
2546 616 2867 683 παντοδα-

680 721 827 785 πῶν
871 721 1069 808 κρεῶν
1114 721 1225 784 καὶ
1268 719 1628 803 πεμμάτων
1672 718 1920 804 πλήρης
1944 717 2013 796 ¹).

860 821 1035 896 Quod
1097 823 1284 900 igitur
1338 823 1548 882 heroes
1595 820 1859 880 ciborum
1922 818 2363 878 consecratione
2418 818 2869 878 honorabantur

683 925 862 998 atque
909 920 1035 980 sine
1082 920 1263 979 dubio
1317 920 1380 978 in
1427 918 1609 980 sacris
1656 917 1995 978 domesticis
2050 917 2391 997 saepissime
2438 917 2868 977 cotidianarum

684 1021 996 1098 epularum
1044 1019 1368 1098 participes
1413 1019 1636 1077 fiebant
1654 1012 1725 1095 ²),
1788 1016 1926 1075 inde
1972 1016 2134 1076 illam
2180 1015 2348 1093 vulgi
2392 1013 2869 1094 superstitiosam

681 1117 1030 1194 religionem
1063 1122 1330 1176 exortam
1362 1136 1506 1188 esse,
1541 1136 1718 1193 quam
1753 1113 1925 1172 nobis
1956 1113 2260 1192 Diogenes
2289 1113 2568 1173 Laertius
2597 1112 2865 1184 tradidit,

682 1235 802 1274 non
848 1215 974 1273 sine
1032 1215 1161 1274 veri
1223 1213 1419 1293 specie
1465 1213 1740 1272 conicias.
1834 1212 1999 1289 Lege
2044 1212 2228 1284 VIII,
2283 1231 2397 1290 32:
2465 1212 2869 1288 (Pythagoras

683 1312 914 1390 docuit)
955 1307 1038 1373 τὰ
1083 1307 1154 1372 δὲ
1199 1307 1482 1372 πεσόντα
1541 1305 1629 1394 μὴ
1678 1300 2091 1392 ἀναιρεῖσθαι
2136 1302 2302 1393 ὖπὲρ
2355 1307 2471 1370 τοῦ
2518 1305 2869 1386 ἐθίζεσθαι

680 1405 772 1495 μὴ
804 1401 1173 1484 ἀκολάστως
1201 1404 1447 1471 ἐσθίειν
1480 1427 1496 1442 ·
1527 1395 1566 1490 ἢ
1597 1399 1700 1470 ὅτι
1732 1401 1847 1468 ἐπὶ
1877 1405 2145 1490 τελευτῇ
2174 1425 2360 1482 τινος.
2425 1397 2871 1492 Ἀριστοφάνης

683 1504 754 1570 δὲ
791 1507 924 1570 τῶν
952 1501 1182 1593 ἦριόων
1211 1505 1402 1592 φησὶν
1432 1497 1596 1568 εἶναι
1625 1501 1707 1568 τὰ
1738 1507 2091 1580 πίπτοντα,
2135 1503 2333 1587 λέγων
2363 1501 2429 1567 ἐν
2458 1515 2593 1580 τοῖς
2606 1497 2866 1588 (Ήρωσι,

848 1646 955 1733 Μὴ
1003 1640 1258 1732 γεύεσθ’
1306 1638 1450 1710 ἅττ’
1495 1635 1572 1710 ἂν
1616 1650 1951 1730 καταπέσῃ
1995 1646 2107 1731 τῆς
2152 1644 2474 1732 τραπέζης
2520 1643 2712 1722 ἐντός.

684 1785 775 1853 cf.
803 1792 1119 1872 Aristoph.
1155 1793 1273 1870 frg.
1302 1809 1424 1869 305
1459 1791 1655 1850 Kock.
1693 1789 1857 1850 Suid.
1894 1811 1939 1850 s.
1976 1811 2031 1851 v.
2060 1788 2420 1874 Πυθαγόρα
2453 1786 2539 1853 τὰ
2566 1788 2865 1872 σύμβολα.

684 1892 838 1953 Nam
868 1891 1030 1969 quod
1068 1891 1461 1970 philosophus
1509 1889 1685 1948 aliam
1718 1889 1892 1948 huius
1940 1889 2383 1968 superstitionis
2416 1889 2869 1968 explicationem

685 1989 967 2069 protulit,
1032 1990 1207 2050 aliam
1255 1988 1537 2060 comicus,
1603 1987 1754 2046 nihil
1800 1987 2083 2060 interest;
2150 2005 2359 2047 verum
2418 2007 2491 2047 eo
2535 1988 2725 2065 magis
2771 1988 2868 2046 de-

687 2093 1057 2147 monstratur
1131 2087 1396 2165 viguisse
1461 2086 1869 2163 latissimeque
1940 2085 2205 2163 patuisse
2280 2086 2433 2148 hanc
2509 2085 2865 2164 opinionem.

685 2185 894 2263 Atque
939 2191 1196 2264 poetam,
1245 2205 1365 2244 non
1411 2185 1837 2264 philosophum
1882 2183 2093 2262 populi
2138 2183 2419 2243 iudicium
2452 2183 2870 2262 pronuntiasse

687 2284 822 2362 quis
847 2290 954 2357 est,
991 2285 1092 2363 qui
1116 2283 1342 2362 neget?
1385 2284 1709 2342 Praeterea
1730 2269 1959 2341 mirum'
1978 2282 2039 2340 in
2064 2281 2301 2340 modum
2336 2282 2509 2341 huius
2543 2283 2870 2342 sententiae

687 2381 971 2442 auxilium
1019 2388 1290 2442 exortum
1340 2387 1430 2441 est
1476 2403 1508 2440 e
1553 2382 1685 2439 loco
1730 2401 1827 2458 ap.
1878 2377 2103 2438 Athen.
2154 2379 2237 2452 X,
2295 2397 2415 2459 247
2468 2403 2518 2454 e,
2567 2382 2672 2440 ubi
2716 2383 2871 2440 alter

687 2484 868 2557 poeta
911 2479 1261 2540 adhibeturz
1319 2488 1458 2552 τοῖς
1497 2473 1572 2540 δέ
1614 2473 2084 2561 τετελευτηκόσι
2128 2476 2257 2540 τῶν
2296 2476 2505 2562 φίλων
2552 2469 2870 2559 ἀπένεμον

685 2571 770 2637 τὰ
814 2577 1150 2638 πίπτοντα
1193 2575 1310 2660 τῆς
1352 2574 1594 2660 τροφῆς
1641 2566 1779 2638 ἀπὸ
1827 2573 1953 2637 τῶν
1998 2573 2341 2657 τραπεζῶν
2385 2597 2397 2611 ·
2441 2573 2541 2638 διὸ
2590 2576 2699 2639 καὶ
2746 2567 2867 2638 Εἰ·-

832 2857 876 2926 ¹)
912 2855 1046 2910 Hae
1063 2855 1123 2910 in
1149 2873 1210 2910 re
1236 2855 1536 2911 meministi
1572 2857 1693 2911 sine
1720 2857 1893 2912 dubio
1926 2875 2167 2924 mensae,
2200 2875 2369 2927 quam
2399 2859 2547 2928 apud
2570 2859 2871 2929 Aethiopes

683 2936 796 2992 Soli
847 2940 1224 2991 consecratam
1273 2953 1391 2992 esse
1427 2936 1746 2992 Herodotus
1784 2936 1899 3005 III,
1946 2941 2005 2990 18
2044 2937 2302 3005 tradidit,
2352 2939 2448 2992 ubi
2498 2938 2763 3005 videmus,
2812 2939 2871 2992 id

683 3017 832 3087 quod
881 3016 1042 3071 nobis
1089 3016 1200 3070 iam
1251 3021 1415 3072 antea
1465 3017 1534 3071 de
1576 3017 1826 3072 Hecatae
1874 3018 2025 3073 cenis
2072 3019 2482 3088 disputantibus
2529 3019 2869 3083 occurrebat,

683 3097 782 3152 iun
815 3096 1026 3152 cibaria
1059 3097 1130 3151 ab
1165 3097 1485 3152 hominibus
1521 3099 1863 3166 quibuslibet
1898 3103 2223 3167 consumpta
2260 3116 2407 3154 esse:
2450 3097 2483 3165 ἡ
2523 3095 2582 3151 δὲ
2617 3096 2868 3173 τράπεζα

681 3179 783 3230 τοῦ
834 3174 992 3243 ἡλίου
1040 3174 1232 3243 τοιήδε
1282 3196 1362 3232 τις
1400 3174 1618 3246 λέγεται
1668 3177 1812 3230 εἶναι
1854 3217 1865 3230 .
1905 3176 2112 3246 λειμών
2161 3181 2276 3231 ἐστι
2324 3181 2385 3232 ἐν
2432 3182 2515 3244 τῷ
2552 3183 2869 3252 προαστείῳ

685 3253 943 3312 ἐπίπλεος
978 3260 1160 3330 κρεῶν
1187 3257 1390 3327 ἑφθῶν
1428 3254 1664 3309 πάντων
1698 3261 1817 3310 τῶν
1840 3255 2227 3330 τετραπόδων,
2266 3261 2317 3314 ἐς
2348 3258 2450 3312 τὸν
2474 3258 2575 3315 τὰς
2603 3262 2709 3326 μὲν
2745 3256 2867 3311 νύκ-

682 3358 782 3394 τας
820 3335 1250 3405 ἐπιτηδεύοντας
1273 3338 1502 3389 τιθέναι
1537 3335 1609 3388 ‘tei
1638 3342 1773 3410 κρέα
1809 3336 1937 3393 τοὺς
1974 3340 2035 3389 ἐν
2057 3337 2208 3390 τέλεϊ
2241 3337 2501 3396 ἑκάστους
2536 3338 2729 3395 ἐόντας
2752 3342 2871 3392 τῶν

686 3415 892 3480 ἀστῶν,
936 3416 1036 3474 τοὶς
1074 3415 1134 3470 δὲ
1171 3415 1380 3490 ἡμέρας
1417 3413 1725 3470 δαίνυσθαι
1762 3417 2074 3491 προσιόντα
2111 3418 2216 3472 τὸν
2252 3419 2603 3489 βουλόμενον
2642 3441 2653 3454 ·
2694 3422 2869 3492 φάναι

686 3496 745 3551 δὲ
779 3497 908 3554 τοὺς
943 3500 1270 3571 ἐπιχωρίους
1305 3499 1483 3548 ταῦτα
1520 3495 1626 3562 τὴν
1661 3502 1771 3569 γῆν
1808 3495 2142 3552 ἀναδιδόναι
2179 3498 2457 3554 ἑκάστοτε.

831 3577 882 3647 ³)
903 3577 1059 3634 Sicut
1082 3579 1226 3634 lares
1245 3577 1392 3646 apud
1403 3576 1711 3646 Romanos;
1739 3579 1809 3634 cf.
1829 3579 2175 3650 Marquardt,
2196 3581 2490 3637 Bo'mische
2510 3582 2869 3638 Staatsverw.

684 3657 779 3713 111
815 3677 869 3728 p.
914 3674 1029 3725 124.
1103 3658 1291 3712 Etiam
1329 3659 1476 3728 apud
1513 3658 1711 3713 Persas
1760 3660 1922 3730 genio
1960 3662 2107 3732 regis
2154 3679 2401 3716 mensam
2437 3665 2573 3718 cibis
2616 3667 2869 3717 ornatmn

687 3755 806 3793 esse
850 3757 950 3794 nos
995 3740 1160 3794 docet
1193 3738 1532 3809 Theopomp.
1571 3757 1660 3810 ap.
1695 3741 1903 3795 Athen.
1942 3741 2031 3796 VI
2064 3761 2119 3812 p.
2157 3744 2305 3809 252b
2344 3743 2687 3798 adulationes
2712 3743 2870 3797 Nico·

687 3819 847 3872 strati
883 3819 1085 3889 Argivi
1121 3818 1394 3874 referens:
1456 3821 1650 3872 ἔπειτα
1698 3817 1830 3872 καθ’
1883 3819 2123 3889 ἑκάστην
2172 3821 2407 3898 ἡμέραν,
2458 3822 2633 3878 ὁπότε
2680 3821 2869 3892 μέλλοι

688 3896 955 3958 δειπνεῖν,
1004 3896 1292 3971 τράπεζαν
1329 3901 1632 3972 παρετίθει
1668 3905 1835 3974 χωρὶς
1870 3897 2172 3968 ὀνομάζων
2206 3907 2291 3968 τῷ
2328 3902 2555 3972 δαίμονι
2589 3907 2673 3969 τῷ
2708 3910 2868 3972 βασι-

688 3977 838 4037 Man,
876 3976 1160 4047 ἐμπλήσας
1196 3984 1350 4032 σίτου
1375 3984 1468 4032 καὶ
1499 3977 1688 4032 ἄλλων
1713 3977 2063 4046 ἐπιτηδείων,
2102 3979 2324 4036 ἀκούων
2348 3988 2454 4053 μὲν
2489 3988 2659 4038 τοῦτο
2686 3997 2870 4037 ποιεῖν

686 4064 780 4112 καὶ
814 4062 934 4112 τῶν
971 4062 1210 4133 Περσῶν
1251 4058 1380 4116 τούς
1416 4065 1547 4133 περὶ
1581 4059 1683 4114 τοὶς
1720 4057 1901 4134 θύρας
1938 4058 2339 4136 διατρίβοντες,
2390 4063 2643 4133 οἰόμενος
2681 4061 2740 4115 δὲ
2776 4061 2868 4115 διὰ

685 4142 782 4204 τῆς
818 4141 1130 4213 θεραπείας
1165 4138 1368 4207 ταύτης
1402 4141 1842 4215 χρηματιεῖσθαι
1878 4140 2096 4208 μᾶλλον
2133 4145 2289 4218 παρὰ
2334 4149 2435 4198 τοῦ
2474 4143 2765 4214 βασιλέως.
2802 4175 2867 4184 -

687 4218 765 4274 Et
799 4219 867 4276 of.
901 4219 1191 4276 Nicolaum
1225 4238 1280 4290 p.
1314 4234 1439 4287 150:
1479 4218 1711 4274 Πισίδαι
1746 4218 2098 4278 δειπνοῦντες
2136 4219 2489 4299 ἀπάρχονται
2526 4238 2643 4278 τοῖς
2676 4226 2867 4295 γονεῦ·

689 4319 796 4360 σιν,
837 4299 910 4357 ὥς
947 4298 1101 4369 ἡμεῖς
1135 4315 1252 4358 τοῖς
1287 4303 1446 4358 θεοῖς
1481 4299 1941 4376 παρασπονδίοις.
2387 4303 2405 4328 ⁸
