3325 5392
1607 581 1691 640 49

553 725 769 785 festum
807 745 844 782 a
890 722 1299 782 sacerdotibus
1329 721 1576 782 inferiae
1607 723 2007 800 parabantur3
2060 721 2133 779 cf.
2163 720 2342 780 Paus.
2376 719 2495 794 111,
2540 739 2630 798 13,
2667 737 2734 797 52

556 812 934 905 Ἀπαντικρύ
997 815 1068 881 δὲ
1115 810 1156 903 ἥ
1200 841 1270 881 τε
1316 810 1751 903 ὀνομαζομένη
1797 814 2064 880 Κολώνα
2108 815 2219 878 καὶ
2267 815 2570 879 Διονύσου
2617 821 2738 878 Ko-

556 913 812 981 λωνάτα
871 915 1054 993 ναός,
1119 913 1285 1002 πρὸς
1344 907 1524 1000 αὐτῷ
1568 912 1640 978 δὲ
1686 913 1943 996 τέμενός
1988 911 2157 978 ἐστιν
2200 905 2433 1000 ἥρωος,
2499 909 2571 977 ὃν
2630 913 2741 998 τῆς

555 1008 705 1080 ὁδοῦ
751 1015 862 1100 τῆς
907 1011 972 1090 ἐς
1017 1013 1319 1100 Σπάρτην
1366 1011 1648 1098 Διονύσῳ
1698 1013 1861 1101 φασὶ
1914 1016 2218 1096 γενέσθαι
2264 1003 2537 1098 ἡγεμόνα
2586 1033 2599 1048 ·
2648 1011 2741 1096 τῷ

555 1111 624 1177 δὲ
672 1105 829 1198 ἥρωϊ
871 1111 1078 1197 τούτῳ
1124 1112 1280 1198 πρὶν
1323 1100 1362 1197 ἢ
1407 1111 1499 1196 τῷ
1546 1111 1690 1195 θεῷ
1736 1109 2007 1174 θύουσιν
2067 1109 2136 1174 αἱ
2185 1107 2588 1186 Διονυσιάδες
2633 1109 2743 1172 καὶ

555 1208 625 1274 αἱ
671 1207 1132 1287 Λευκιππίδες.

734 1311 943 1390 Neque
987 1316 1187 1369 tamen
1231 1310 1344 1368 viri
1389 1314 1622 1368 tantum
1685 1309 1769 1367 ita
1834 1309 2201 1368 excellebant
2217 1353 2231 1382 ,
2293 1329 2497 1367 verum
2562 1309 2740 1367 etiam

559 1409 812 1468 feminae
873 1409 1010 1468 novi
1072 1408 1330 1467 numinis
1378 1409 1540 1467 cultu
1589 1407 1826 1467 condito
1873 1407 2114 1465 heroum
2164 1406 2360 1465 ordini
2405 1406 2741 1485 adscriptae

557 1507 866 1585 praeclara
914 1527 1115 1566 corum
1163 1505 1450 1583 religione
1498 1507 1869 1564 fruebantur.

735 1605 832 1664 Ita
879 1605 1041 1683 apud
1084 1604 1262 1664 Eleos
1325 1624 1478 1681 quae
1538 1604 1732 1682 prima
1778 1604 2078 1662 Bacchum
2141 1603 2405 1675 colebat,
2469 1603 2743 1678 Physcoa

557 1725 687 1762 cum
782 1703 927 1762 alios
1005 1703 1256 1762 honores
1276 1745 1290 1774 ‚
1338 1707 1506 1762 .tum
1591 1702 1654 1769 i‚d
1746 1701 2009 1778 accepit,
2090 1701 2249 1778 quod
2326 1701 2567 1758 chorum
2644 1701 2745 1759 ali-

558 1822 731 1879 quem
793 1801 856 1859 in
900 1801 1144 1860 Iunonis
1209 1801 1361 1859 festo
1423 1805 1621 1859 actum
1678 1799 1754 1858 ab
1802 1819 1873 1858 ea
1917 1799 2395 1858 denominabant.
2492 1798 2623 1872 Qua
2670 1799 2744 1856 de

556 1921 621 1958 re
668 1900 740 1957 cf.
786 1899 967 1958 Faus,
1019 1900 1094 1971 V,
1154 1900 1253 1972 16,
1304 1915 1375 1976 5:
1439 1893 1721 1979 Διονύσῳ
1784 1891 1976 1976 τιμὰς
2035 1894 2320 1978 λέγουσιν
2378 1886 2512 1957 ὑπὸ
2573 1899 2743 1979 Ναρ-

558 1998 742 2058 καίου
791 1995 914 2075 (qui
949 2002 1077 2054 erat
1107 1996 1435 2073 Physcoae‚
1487 2016 1660 2076 quem
1710 2016 1741 2053 e
1788 1995 1884 2052 dei
1932 1995 2358 2054 consuetudine
2404 2001 2741 2073 pepererat,

557 2096 736 2176 filius)
782 2093 891 2156 καὶ
944 2091 1231 2168 Φυσκόας
1275 2088 1536 2176 δοὸῆναι
1583 2090 1877 2176 πρώτων.
1972 2089 2261 2166 Φυσκόας
2302 2089 2420 2172 μὲν
2464 2088 2541 2176 δὴ
2590 2095 2745 2176 γέρα

556 2191 665 2254 καὶ
727 2183 891 2254 ἄλλα
951 2190 1061 2253 καὶ
1122 2187 1308 2275 χορὸς
1369 2187 1705 2271 ἐπώνυμος
1752 2186 1936 2274 παρὰ
1980 2188 2108 2251 τῶν
2154 2186 2488 2252 ἑκκαίδεκα
2533 2211 2743 2272 γυναι-

558 2288 686 2352 κῶν
731 2286 863 2352 κτλ.

735 2387 905 2447 Haec
954 2387 1133 2447 etiam
1181 2394 1312 2448 erat
1357 2408 1551 2461 causa,
1603 2407 1710 2446 cur
1756 2388 2058 2446 oraculum
2105 2387 2497 2448 Dodonaeum
2543 2388 2746 2447 Pelar·

555 2506 668 2562 gae
713 2485 933 2545 Thebis
996 2506 1167 2546 sacra
1227 2484 1427 2544 offerri
1473 2484 1664 2545 iussit.
1760 2485 1875 2544 Illa
1922 2485 2075 2542 enim
2122 2483 2473 2544 Cabirorum
2523 2487 2745 2545 cultum

559 2584 662 2642 diu
709 2583 1120 2644 oblitteratum
1167 2588 1346 2660 atque
1393 2582 1731 2659 neglectum
1770 2582 1964 2642 denuo
1996 2583 2353 2642 instauravit
2385 2583 2587 2663 (Paus,
2624 2584 2743 2656 IX,

563 2698 676 2758 25,
731 2682 813 2762 ὁ).
908 2680 1278 2759 Quamquam
1341 2686 1539 2740 autem
1601 2680 1761 2758 quod
1822 2681 1895 2739 de
1956 2681 2067 2738 hac
2128 2702 2193 2740 re
2264 2687 2472 2741 auctor
2545 2688 2749 2740 noster

557 2780 742 2838 refert
758 2822 773 2852 ,
833 2780 1093 2839 fortasse
1154 2780 1230 2838 ab
1293 2799 1362 2836 eo
1422 2779 1554 2856 ipso
1617 2778 1769 2838 male
1829 2779 2195 2838 intellectum
2223 2775 2265 2858 ¹)
2312 2786 2416 2838 aut
2476 2780 2746 2839 mutilate

559 2876 846 2936 traditum
908 2883 1000 2936 est
1017 2921 1032 2952 ,
1095 2883 1296 2937 tamen
1356 2876 1419 2935 id
1479 2896 1590 2954 pro
1652 2882 1817 2935 certo
1882 2877 2263 2936 statuendum
2311 2884 2405 2936 est
2448 2897 2567 2936 non
2612 2878 2747 2938 usui

561 2970 926 3032 Graecorum
987 2975 1395 3053 obstrepuisse
1441 2973 1574 3052 pios
1621 2974 1907 3046 homines,
1960 2975 2063 3050 qui
2108 2995 2218 3051 pro
2264 2975 2509 3034 deorum
2556 2997 2748 3034 sacer-

560 3070 800 3130 dotibus
863 3072 986 3132 sive
1049 3072 1258 3152 primis
1306 3059 1431 3132 siue
1478 3073 1911 3150 posterioribus
1956 3072 2338 3145 haberentur,
2386 3074 2748 3148 singularem

561 3167 624 3228 in
672 3169 908 3229 modum
955 3171 1326 3230 heroicorum
1373 3172 1663 3229 honorum
1710 3169 2034 3248 participes
2080 3170 2268 3230 reddi.

739 3267 1142 3329 Subsistamus
1188 3269 1376 3346 igitur
1421 3270 1482 3327 in
1528 3269 1813 3347 prolatiS‚
1864 3273 1931 3326 ut
1977 3268 2097 3327 alia
2157 3289 2363 3347 pauca,
2415 3288 2567 3348 quae
2612 3269 2749 3327 inde

559 3365 949 3442 colligantur,
1013 3369 1279 3427 breviter
1341 3372 1795 3446 pertractemus.
1888 3367 2042 3427 Nam
2099 3368 2151 3424 si
2205 3367 2535 3445 perlustres
2589 3366 2747 3424 locos

557 3463 858 3538 laudatos,
934 3466 1196 3526 invenies
1263 3486 1684 3543 nonnunquam
1757 3486 1924 3524 sacra
1992 3465 2109 3523 illis
2180 3465 2461 3523 heroibus
2548 3464 2749 3522 oblata

562 3581 689 3618 esse
781 3565 921 3620 ante
1011 3563 1230 3621 festum
1322 3563 1478 3620 diem
1563 3562 1690 3620 eius
1775 3562 2062 3635 numini8‚
2156 3563 2322 3622 cuius
2408 3562 2749 3622 sacerdotes

563 3659 804 3717 fuerint.
900 3658 1132 3733 Quibus
1179 3659 1473 3719 succurrit
1516 3658 1803 3718 Polemon
1852 3681 1947 3738 ap.
2000 3660 2181 3719 schol.
2216 3659 2400 3739 Soph.
2436 3659 2582 3718 Oed.
2620 3658 2745 3719 Col.

560 3777 617 3814 v.
670 3757 797 3834 489
846 3755 953 3835 (=
1002 3759 1117 3834 frg.
1167 3756 1388 3816 XLIX
1433 3755 1673 3836 Prell.):
1740 3754 1929 3817 τοῦτο
1986 3757 2136 3836 [scil.
2186 3747 2448 3818 ἄπυστα
2496 3754 2749 3841 φωνῶν]

561 3841 698 3914 ἀπὸ
757 3851 868 3937 τῆς
928 3850 1247 3940 ὃρωμένης
1307 3854 1546 3928 θυσίας
1605 3862 1748 3928 ταῖς
1794 3843 2093 3932 Εὐμενίσι
2156 3856 2311 3939 φησί
2358 3875 2374 3889 ·
2418 3850 2584 3934 μετὰ
2628 3851 2749 3939 γὰρ

558 3939 822 4032 ἡσυχίας
865 3947 948 4013 τὰ
996 3949 1135 4038 ἱερὰ
1182 3951 1410 4038 δρῶσι,
1475 3949 1585 4014 καὶ
1632 3947 1741 4013 διὰ
1786 3948 1975 4012 τοῦτο
2021 3948 2084 4013 οἱ
2132 3942 2270 4014 ἀπὸ
2312 3943 2578 4032 (Ησύχου
2623 3951 2747 4014 θύ-

560 4066 734 4109 ουσιν
778 4039 1028 4126 αὐταῖς,
1079 4049 1388 4136 καθάπερ
1437 4047 1745 4130 Πολέμων
1790 4045 1856 4111 ἐν
1899 4058 2033 4124 τοῖς
2077 4046 2242 4134 πρὸς
2286 4040 2753 4136 Ἐρατοσθένην

561 4147 768 4230 φησίν,
818 4137 983 4209 cibun
1039 4169 1054 4184 ·
1102 4142 1200 4211 <τὸ
1246 4146 1316 4212 δὲ
1361 4147 1488 4210 τῶν
1534 4138 1971 4233 Εὖπατριόῶν
2012 4151 2209 4230 γένος,
2261 4143 2297 4211 ὃ
2339 4151 2593 4229 μετέχει
2639 4148 2751 4234 τῆς

713 4391 755 4463 ¹)
793 4392 876 4448 Cf.
916 4391 1156 4459 Lobeck,
1195 4393 1471 4464 Aglaoph.
1500 4412 1551 4464 p.
1588 4408 1831 4462 ¹251·-·-
1861 4394 2087 4461 Preller,
2128 4394 2393 4450 Demeter
2429 4413 2481 4465 p.
2506 4398 2600 4461 361
2627 4412 2747 4464 sqq.

2390 4487 2428 4538 4
