3325 5392
1724 509 1807 586 46

673 668 840 743 (ibid.
885 667 971 741 Π,
1028 688 1078 742 1,
1126 689 1184 746 4.
1247 669 1368 742 ΠΙ,
1427 689 1449 730 1
1465 687 1520 740 2,
1569 670 1653 746 3).
1750 667 2122 730 Erechtheus
2166 669 2407 730 Nemesi
2456 670 2859 730 Rhamnusiae
2899 711 2917 728 ‚2

669 765 925 826 honores
979 769 1348 828 consecravit
1393 765 1581 843 (Suid.
1627 788 1675 826 s.
1717 789 1774 827 v.
1824 755 2245 845 Ῥαμνούσια);
2304 767 2567 828 Theseus
2607 766 2859 828 Atheni-

670 865 909 924 ensibus
964 887 1143 925 unam
1191 868 1254 924 in
1315 865 1522 925 urbem
1576 865 1796 925 coactis
1848 860 1961 948 τὴν
2008 861 2350 948 Πάνδημον
2395 867 2704 947 σέβεσθαι
2750 863 2861 926 καὶ

671 958 902 1024 Πειθώ
950 965 1289 1047 κατέστησε
1337 964 1540 1040 (Paus.
1584 964 1646 1036 Ι,
1695 982 1773 1025 22
1790 1007 1805 1036 ,
1856 967 1947 1041 2);
2006 964 2407 1042 Triptolemus
2449 964 2655 1025 Cereri
2695 986 2861 1024 sacra

668 1062 930 1122 instituit
986 1061 1234 1141 (Hygin.
1299 1063 1417 1121 fab.
1479 1063 1640 1140 147).
1684 1097 1773 1106 -—
1810 1061 2111 1140 Locuples
2167 1067 2257 1122 est
2313 1065 2495 1135 locus,
2557 1085 2731 1141 quem
2786 1063 2859 1122 de

668 1158 1014 1220 Charitibus
1065 1180 1385 1237 earumque
1437 1160 1727 1236 religione
1765 1159 2097 1220 Pausanias
2143 1160 2383 1220 exhibet
2424 1161 2565 1241 (IX,
2614 1179 2714 1239 35,
2776 1162 2854 1241 1);

677 1252 795 1320 Τὸν
849 1253 919 1319 δὲ
973 1248 1302 1320 Ἐτεοκλέα
1360 1255 1647 1340 λέγουσιν
1708 1252 1769 1318 οἱ
1816 1255 2095 1318 Βοιωτοὶ
2150 1254 2423 1342 Χάρισιν
2486 1248 2859 1344 ἀνθρώπιον

668 1354 872 1418 θῦσαι
916 1355 1178 1441 πρῶτον
1225 1377 1239 1390 ·
1291 1353 1402 1417 καὶ
1448 1345 1548 1417 ὅτι
1602 1351 1720 1434 μὲν
1774 1363 1945 1440 τρεῖς
1999 1346 2161 1417 εἶναι
2207 1353 2500 1441 Χάριτας
2554 1354 2857 1442 κατεστή-

668 1473 825 1516 σατο
871 1451 1097 1528 ἴσασιν,
1147 1445 1433 1533 ὀνόματα
1473 1449 1543 1514 δὲ
1583 1446 1691 1515 οἶα
1734 1448 1931 1515 ἔθετο
1963 1443 2187 1528 αὐταῖς
2218 1443 2291 1516 οὗ
2320 1452 2809 1539 μνημονεύουσιν
2842 1475 2856 1489 ·

669 1547 814 1614 ἐπεὶ
859 1549 1361 1633 Λακεδαιμόνιοί
1404 1573 1476 1634 γε
1529 1542 1695 1613 εἶναι
1740 1549 2033 1636 Χάριτας
2086 1548 2199 1614 δύο
2252 1551 2364 1614 καὶ
2408 1550 2859 1634 Λακεδαίμονα

669 1647 1060 1736 ἱδρύσασθαι
1105 1647 1217 1713 τὸν
1267 1651 1578 1734 Ταϋγέτης
1625 1648 1823 1736 φασὶν
1868 1641 2068 1724 αὐτὰς
2114 1649 2223 1713 καὶ
2271 1642 2553 1732 ὀνόματα
2600 1654 2857 1715 θέσθαι

668 1744 922 1832 Κλήταν
966 1747 1076 1810 καὶ
1129 1750 1397 1812 Φαείναν
1420 1746 1488 1830 ¹).
1581 1747 1701 1808 Sed
1746 1750 1890 1827 quid
1932 1750 2159 1809 multa?
2250 1749 2441 1824 Quam
2488 1754 2640 1812 enim
2682 1773 2859 1832 saepe

669 1848 974 1907 numinum
1015 1849 1334 1926 religiones
1377 1848 1454 1907 ab
1494 1847 1775 1907 heroibus
1810 1853 1868 1906 et
1902 1847 2139 1924 quidem
2169 1849 2459 1928 imprimis
2492 1872 2527 1909 a
2556 1859 2855 1924 κτισταῑς,

669 1933 1051 2028 ἆρχηγέταις
1081 1947 1371 2022 originem
1403 1947 1689 2024 ceperint,
1734 1966 1867 2004 cum
1898 1947 2181 2024 exemplis
2210 1948 2464 2024 prolatis
2504 1951 2649 2008 satis
2690 1950 2859 2010 doce-

667 2046 794 2114 tur,
847 2047 973 2101 tum
1015 2044 1339 2103 clarissime
1381 2044 1721 2103 illustratur
1761 2043 2209 2120 cognominibus
2254 2043 2499 2104 deorum
2542 2066 2578 2104 a
2620 2046 2857 2104 cultori-

667 2142 778 2201 bus
819 2144 915 2202 vel
953 2141 1360 2202 conditoribus
1403 2161 1709 2202 sacrorum
1749 2144 2027 2220 acceptis,
2074 2141 2145 2200 de
2180 2142 2395 2218 quibus
2428 2143 2563 2204 vide
2595 2144 2853 2216 Lobeck,

668 2239 972 2319 Aglaoph.
1016 2262 1078 2318 p.
1135 2259 1296 2319 1333
1341 2261 1474 2318 sqq.

845 2338 982 2396 Huc
1040 2338 1220 2396 etiam
1277 2339 1663 2398 amasiunculi
1709 2339 2013 2399 numinum
2067 2339 2390 2418 pertinent,
2452 2338 2556 2415 qui
2592 2358 2857 2397 nonnun-

669 2457 846 2512 quam
901 2437 1275 2496 sacerdotum
1337 2457 1578 2495 munere
1634 2438 1806 2514 fungi
1859 2438 2246 2516 putabantur.
2341 2436 2666 2497 Notissima.
2719 2442 2858 2494 sunt

667 2535 920 2595 Hesiodi
942 2537 1015 2595 de
1039 2534 1683 2595 PhaethonteVeneris
1715 2537 1936 2594 amasio
1968 2535 2151 2594 verba
2177 2534 2423 2614 (Theog.
2454 2535 2852 2614 988—991):

889 2655 1002 2719 τόν
1047 2655 1128 2744 ῥα
1172 2660 1330 2730 νέον,
1379 2661 1554 2742 τέρεν
1599 2648 1808 2731 ἄνθος
1853 2648 2057 2736 ἔχοντ’
2104 2653 2421 2742 ἐρικυδέος
2466 2651 2621 2742 ἥβης

890 2747 1076 2818 παῖδ’
1123 2745 1332 2817 ἀταλὰ
1379 2757 1731 2840 φρονέοντα
1786 2751 2211 2840 φιλομμειδὴς
2256 2747 2589 2840 Ἀφροδίτη

890 2840 1042 2938 ὦρτ’
1089 2843 1578 2938 ἄνερειψαμένη,
1627 2855 1741 2916 καί
1784 2875 1896 2934 μιν
1940 2851 2210 2931 ζαθέοις
2256 2849 2348 2916 ἐνὶ
2393 2863 2562 2937 νηοῖς

887 2948 1204 3034 νηοπόλον
1247 2949 1478 3032 μ’ύχιον
1523 2949 1845 3037 ποιήσατο
1890 2949 2165 3032 δαίμονα
2212 2948 2364 3014 δῖον.

668 3076 896 3150 Quibus
953 3079 1224 3139 versibus
1281 3079 1612 3138 simillimus
1660 3082 1762 3137 est
1816 3080 1981 3138 locus
2022 3077 2093 3151 B,
2143 3095 2298 3156 549,
2361 3098 2718 3155 quamquam
2773 3079 2857 3135 ibi

666 3175 1038 3235 Erechtheus
1089 3196 1209 3235 non
1259 3177 1498 3236 disertis
1547 3178 1748 3236 verbis
1788 3177 2092 3235 Minervae
2142 3175 2413 3235 aedituus
2465 3177 2855 3252 sacerdosque

667 3272 852 3331 audit.
947 3273 1116 3332 Idem
1157 3273 1458 3333 Hesiodus
1499 3273 1834 3351 Cychreum
1883 3295 1917 3332 a
1957 3272 2174 3332 Cerere
2217 3273 2496 3334 Eleusine
2538 3280 2854 3353 exceptum

660 3376 728 3430 'et
761 3371 1129 3430 sacerdotem
1159 3372 1380 3430 factum
1413 3392 1540 3430 esse
1573 3372 1847 3443 finxerat,
1890 3371 2047 3430 unde
2088 3372 2329 3430 heroem
2369 3395 2405 3431 a
2447 3373 2557 3432 dea
2598 3378 2855 3432 amatum

658 3472 796 3528 'esse
859 3475 1065 3528 nostro
1119 3471 1248 3528 iure
1305 3470 1648 3546 colligemus
1672 3465 1737 3551 2).
1847 3471 2186 3530 Memineris
2246 3492 2479 3550 quoque
2529 3471 2854 3530 Pindarum

665 3566 948 3643 Cinyram
1011 3563 1183 3651 ἱερέα
1251 3564 1465 3629 κτίλον
1532 3557 1907 3653 Ἀφροδίτας
1974 3569 2371 3647 appellavisse
2438 3570 2527 3648 (P.
2579 3570 2676 3641 ΙΙ,
2728 3569 2850 3648 31),

657 3667 817 3724 'sicut
857 3662 1038 3725 Attin
1078 3666 1444 3726 sacerdotem
1495 3667 1750 3746 Magnae
1780 3668 1993 3728 Matris
2033 3668 2303 3727 habitum
2344 3688 2471 3726 esse
2503 3667 2598 3745 (cf.
2634 3667 2849 3725 Catull.

663 3762 906 3838 LXIII,
954 3765 1079 3846 90).

815 3955 858 4024 ¹)
895 3955 981 4010 De
1016 3973 1180 4024 nexu,
1226 3957 1321 4026 qui
1370 3956 1670 4013 intercedit
1704 3957 1852 4011 inter
1888 3951 2185 4028 ἱδρύεσθαι
2234 3959 2291 4010 et
2338 3953 2521 4026 ὄνομα
2556 3957 2852 4014 τίθεσθαι,

665 4035 733 4090 cf.
773 4035 1050 4104 Welcker,
1095 4036 1164 4092 G.
1211 4036 1279 4092 G.
1317 4037 1398 4104 H,
1437 4053 1504 4104 42
1543 4055 1623 4106 sq.

814 4115 860 4186 2)
896 4116 1128 4171 Hesiod.
1168 4135 1254 4186 ap.
1293 4115 1475 4172 Strab.
1503 4116 1606 4183 IX,
1632 4135 1686 4186 p.
1716 4131 1817 4183 393
1847 4143 1913 4163 ε
1940 4117 2048 4189 frg.
2094 4132 2190 4185 127
2228 4117 2427 4174 Kink.:
2467 4115 2851 4179 ὑποδέξασθαι

667 4194 726 4248 δὲ
745 4192 922 4249 αὐτὸν
946 4196 1053 4263 τὴν
1076 4195 1355 4270 Δήμητρα
1383 4200 1457 4252 εἰς
1479 4194 1756 4250 Ἐλευσῖνα
1784 4202 1876 4250 καὶ
1898 4199 2168 4268 γενέσθαι
2192 4197 2394 4265 ταύτης
2420 4196 2762 4271 ἀμφίπολον.
2786 4230 2851 4237 -

664 4277 752 4332 De
800 4278 966 4333 heroe
1004 4278 1251 4348 Cychreo
1300 4278 1524 4346 eiusque
1571 4278 1725 4332 cultu
1773 4278 1842 4333 ef.
1881 4279 2043 4335 Diod.
2082 4279 2186 4346 IV,
2228 4295 2311 4347 72.
2382 4280 2546 4335 Paus.
2584 4279 2631 4346 I,
2680 4283 2763 4346 36,
2809 4295 2851 4333 1.

662 4357 812 4413 Plut.
852 4357 964 4414 Sol.
1003 4375 1053 4426 9.
