<?xml version="1.0" encoding="UTF-8"?>
<!DOCTYPE html PUBLIC "-//W3C//DTD XHTML 1.0 Transitional//EN"
    "http://www.w3.org/TR/xhtml1/DTD/xhtml1-transitional.dtd">
<html xmlns="http://www.w3.org/1999/xhtml" xml:lang="en" lang="en">
 <head>
  <title>
</title>
<meta http-equiv="Content-Type" content="text/html;charset=utf-8" />
  <meta name='ocr-system' content='tesseract 3.04.00' />
  <meta name='ocr-capabilities' content='ocr_page ocr_carea ocr_par ocr_line ocrx_word'/>
</head>
<body>
  <div class='ocr_page' id='page_1' title='image "./deheroumapudgra00wassgoog_0046.png"; bbox 0 0 3325 5392; ppageno 0'>
   <div class='ocr_carea' id='block_1_1' title="bbox 1733 526 1811 586">
    <p class='ocr_par' dir='ltr' id='par_1_1' title="bbox 1733 526 1811 586">
     <span class='ocr_line' id='line_1_1' title="bbox 1733 526 1811 586; baseline 0 -18"><span class='ocrx_word' id='word_1_1' title='bbox 1733 526 1811 586; x_wconf 89' lang='lat'><strong>4²</strong></span> 
     </span>
    </p>
   </div>
   <div class='ocr_carea' id='block_1_2' title="bbox 667 667 2869 3894">
    <p class='ocr_par' dir='ltr' id='par_1_2' title="bbox 680 667 2867 944">
     <span class='ocr_line' id='line_1_2' title="bbox 682 667 2866 746; baseline 0.001 -20"><span class='ocrx_word' id='word_1_2' title='bbox 682 667 755 726; x_wconf 87' lang='lat' dir='ltr'><strong>de</strong></span> <span class='ocrx_word' id='word_1_3' title='bbox 796 669 1105 746; x_wconf 86' lang='lat' dir='ltr'><strong>sepultura</strong></span> <span class='ocrx_word' id='word_1_4' title='bbox 1142 673 1464 746; x_wconf 88' lang='lat' dir='ltr'><strong>praecepta</strong></span> <span class='ocrx_word' id='word_1_5' title='bbox 1503 669 1759 728; x_wconf 83' lang='lat' dir='ltr'><strong>exhibet.</strong></span> <span class='ocrx_word' id='word_1_6' title='bbox 1854 667 2020 742; x_wconf 80' lang='lat' dir='ltr'><strong>Quae</strong></span> <span class='ocrx_word' id='word_1_7' title='bbox 2052 689 2185 728; x_wconf 92' lang='lat' dir='ltr'><strong>cum</strong></span> <span class='ocrx_word' id='word_1_8' title='bbox 2216 690 2443 729; x_wconf 90' lang='lat' dir='ltr'><strong>summo</strong></span> <span class='ocrx_word' id='word_1_9' title='bbox 2482 670 2611 728; x_wconf 89' lang='lat' dir='ltr'><strong>iure</strong></span> <span class='ocrx_word' id='word_1_10' title='bbox 2650 692 2687 728; x_wconf 88' lang='lat' dir='ltr'><strong>a</strong></span> <span class='ocrx_word' id='word_1_11' title='bbox 2725 669 2866 730; x_wconf 90' lang='lat' dir='ltr'><strong>viris</strong></span> 
     </span>
     <span class='ocr_line' id='line_1_3' title="bbox 682 763 2867 845; baseline 0.001 -21"><span class='ocrx_word' id='word_1_12' title='bbox 682 767 874 826; x_wconf 88' lang='lat' dir='ltr'><strong>doctis</strong></span> <span class='ocrx_word' id='word_1_13' title='bbox 895 767 990 826; x_wconf 84' lang='lat' dir='ltr'><strong>VI</strong></span> <span class='ocrx_word' id='word_1_14' title='bbox 1011 788 1064 825; x_wconf 97' lang='lat' dir='ltr'><strong>a.</strong></span> <span class='ocrx_word' id='word_1_15' title='bbox 1082 765 1230 831; x_wconf 78' lang='lat' dir='ltr'><strong>Chr.</strong></span> <span class='ocrx_word' id='word_1_16' title='bbox 1259 787 1410 826; x_wconf 90' lang='lat' dir='ltr'><strong>saec.</strong></span> <span class='ocrx_word' id='word_1_17' title='bbox 1437 767 1729 828; x_wconf 89' lang='lat' dir='ltr'><strong>vindicari</strong></span> <span class='ocrx_word' id='word_1_18' title='bbox 1749 763 2141 844; x_wconf 74' lang='lat' dir='ltr'><strong>videantur1),</strong></span> <span class='ocrx_word' id='word_1_19' title='bbox 2170 768 2394 845; x_wconf 90' lang='lat' dir='ltr'><strong>optime</strong></span> <span class='ocrx_word' id='word_1_20' title='bbox 2417 769 2648 840; x_wconf 87' lang='lat' dir='ltr'><strong>docent,</strong></span> <span class='ocrx_word' id='word_1_21' title='bbox 2686 789 2867 845; x_wconf 91' lang='lat' dir='ltr'><strong>quan-</strong></span> 
     </span>
     <span class='ocr_line' id='line_1_4' title="bbox 680 860 2864 944; baseline 0.001 -20"><span class='ocrx_word' id='word_1_22' title='bbox 680 870 890 943; x_wconf 89' lang='lat' dir='ltr'><strong>topere</strong></span> <span class='ocrx_word' id='word_1_23' title='bbox 921 863 1133 924; x_wconf 81' lang='lat' dir='ltr'><strong>Graeci</strong></span> <span class='ocrx_word' id='word_1_24' title='bbox 1171 872 1306 937; x_wconf 80' lang='grc' dir='ltr'><em>τοῖς</em></span> <span class='ocrx_word' id='word_1_25' title='bbox 1345 860 1782 944; x_wconf 82' lang='grc' dir='ltr'><em>νομιζομένοις</em></span> <span class='ocrx_word' id='word_1_26' title='bbox 1812 870 2181 924; x_wconf 90' lang='lat' dir='ltr'><strong>mortuorum</strong></span> <span class='ocrx_word' id='word_1_27' title='bbox 2210 866 2465 926; x_wconf 80' lang='lat' dir='ltr'>honores</span> <span class='ocrx_word' id='word_1_28' title='bbox 2508 867 2864 926; x_wconf 77' lang='lat' dir='ltr'>curaverint.</span> 
     </span>
    </p>

    <p class='ocr_par' dir='ltr' id='par_1_3' title="bbox 681 963 2869 1336">
     <span class='ocr_line' id='line_1_5' title="bbox 859 963 2866 1042; baseline 0.001 -21"><span class='ocrx_word' id='word_1_29' title='bbox 859 964 1128 1023; x_wconf 85' lang='lat' dir='ltr'>Heroum</span> <span class='ocrx_word' id='word_1_30' title='bbox 1177 963 1252 1022; x_wconf 91' lang='lat' dir='ltr'><strong>de</strong></span> <span class='ocrx_word' id='word_1_31' title='bbox 1300 965 1588 1040; x_wconf 90' lang='lat' dir='ltr'><strong>religione</strong></span> <span class='ocrx_word' id='word_1_32' title='bbox 1638 985 1713 1022; x_wconf 83' lang='lat' dir='ltr'><strong>ex</strong></span> <span class='ocrx_word' id='word_1_33' title='bbox 1766 965 2195 1040; x_wconf 73' lang='lat' dir='ltr'><strong>antiquissimis</strong></span> <span class='ocrx_word' id='word_1_34' title='bbox 2243 964 2733 1042; x_wconf 71' lang='lat' dir='ltr'><strong>inscriptionibus</strong></span> <span class='ocrx_word' id='word_1_35' title='bbox 2783 966 2866 1024; x_wconf 90' lang='lat' dir='ltr'><strong>nil</strong></span> 
     </span>
     <span class='ocr_line' id='line_1_6' title="bbox 681 1062 2869 1123; baseline 0.001 -3"><span class='ocrx_word' id='word_1_36' title='bbox 681 1062 962 1121; x_wconf 83' lang='lat' dir='ltr'><strong>discimus</strong></span> <span class='ocrx_word' id='word_1_37' title='bbox 1015 1062 1133 1121; x_wconf 87' lang='lat' dir='ltr'><strong>nisi</strong></span> <span class='ocrx_word' id='word_1_38' title='bbox 1183 1063 1438 1121; x_wconf 88' lang='lat' dir='ltr'><strong>fortasse</strong></span> <span class='ocrx_word' id='word_1_39' title='bbox 1499 1063 1669 1121; x_wconf 87' lang='lat' dir='ltr'><strong>heroi</strong></span> <span class='ocrx_word' id='word_1_40' title='bbox 1729 1063 1962 1121; x_wconf 85' lang='lat' dir='ltr'><strong>cuidam</strong></span> <span class='ocrx_word' id='word_1_41' title='bbox 2010 1064 2319 1123; x_wconf 79' lang='lat' dir='ltr'><strong>vasculum</strong></span> <span class='ocrx_word' id='word_1_42' title='bbox 2364 1063 2700 1122; x_wconf 86' lang='lat' dir='ltr'><strong>dedicatum</strong></span> <span class='ocrx_word' id='word_1_43' title='bbox 2742 1085 2869 1122; x_wconf 89' lang='lat' dir='ltr'><strong>esse</strong></span> 
     </span>
     <span class='ocr_line' id='line_1_7' title="bbox 682 1158 2867 1240; baseline 0.002 -22"><span class='ocrx_word' id='word_1_44' title='bbox 682 1160 890 1235; x_wconf 59' lang='lat' dir='ltr'><strong>(Riihl,</strong></span> <span class='ocrx_word' id='word_1_45' title='bbox 934 1161 986 1218; x_wconf 93' lang='grc' dir='ltr'><strong>Ι.</strong></span> <span class='ocrx_word' id='word_1_46' title='bbox 1030 1158 1110 1218; x_wconf 91' lang='lat' dir='ltr'><strong>A.</strong></span> <span class='ocrx_word' id='word_1_47' title='bbox 1156 1158 1258 1220; x_wconf 81' lang='lat' dir='ltr'><strong>Gr.</strong></span> <span class='ocrx_word' id='word_1_48' title='bbox 1302 1182 1360 1219; x_wconf 94' lang='lat' dir='ltr'><strong>n.</strong></span> <span class='ocrx_word' id='word_1_49' title='bbox 1411 1163 1543 1240; x_wconf 87' lang='lat'><strong>29);</strong></span> <span class='ocrx_word' id='word_1_50' title='bbox 1587 1165 1789 1220; x_wconf 87' lang='lat' dir='ltr'><strong>tamen</strong></span> <span class='ocrx_word' id='word_1_51' title='bbox 1828 1180 1903 1219; x_wconf 91' lang='lat' dir='ltr'><strong>ne</strong></span> <span class='ocrx_word' id='word_1_52' title='bbox 1942 1160 2016 1219; x_wconf 91' lang='lat' dir='ltr'><strong>de</strong></span> <span class='ocrx_word' id='word_1_53' title='bbox 2058 1161 2183 1220; x_wconf 89' lang='lat' dir='ltr'><strong>eius</strong></span> <span class='ocrx_word' id='word_1_54' title='bbox 2232 1165 2427 1220; x_wconf 90' lang='lat' dir='ltr'><strong>aetate</strong></span> <span class='ocrx_word' id='word_1_55' title='bbox 2476 1162 2715 1239; x_wconf 87' lang='lat' dir='ltr'><strong>quidem</strong></span> <span class='ocrx_word' id='word_1_56' title='bbox 2764 1162 2867 1222; x_wconf 85' lang='lat' dir='ltr'><strong>ali-</strong></span> 
     </span>
     <span class='ocr_line' id='line_1_8' title="bbox 682 1253 1454 1336; baseline 0 -19"><span class='ocrx_word' id='word_1_57' title='bbox 682 1259 826 1334; x_wconf 87' lang='lat' dir='ltr'><strong>quid</strong></span> <span class='ocrx_word' id='word_1_58' title='bbox 867 1263 1093 1318; x_wconf 91' lang='lat' dir='ltr'><strong>certum</strong></span> <span class='ocrx_word' id='word_1_59' title='bbox 1133 1263 1368 1319; x_wconf 87' lang='lat' dir='ltr'><strong>constat</strong></span> <span class='ocrx_word' id='word_1_60' title='bbox 1386 1253 1454 1336; x_wconf 74' lang='grc'><strong>2).</strong></span> 
     </span>
    </p>

    <p class='ocr_par' dir='ltr' id='par_1_4' title="bbox 667 1357 2869 1928">
     <span class='ocr_line' id='line_1_9' title="bbox 859 1357 2869 1434; baseline 0.001 -19"><span class='ocrx_word' id='word_1_61' title='bbox 859 1357 979 1416; x_wconf 87' lang='lat' dir='ltr'><strong>Hic</strong></span> <span class='ocrx_word' id='word_1_62' title='bbox 1020 1357 1430 1417; x_wconf 76' lang='lat' dir='ltr'><strong>subsistamus.</strong></span> <span class='ocrx_word' id='word_1_63' title='bbox 1525 1357 1765 1416; x_wconf 82' lang='lat' dir='ltr'><strong>Etenim</strong></span> <span class='ocrx_word' id='word_1_64' title='bbox 1805 1362 2059 1434; x_wconf 90' lang='lat' dir='ltr'><strong>uterque</strong></span> <span class='ocrx_word' id='word_1_65' title='bbox 2098 1357 2306 1430; x_wconf 89' lang='lat' dir='ltr'><strong>amnis,</strong></span> <span class='ocrx_word' id='word_1_66' title='bbox 2348 1359 2597 1418; x_wconf 91' lang='lat' dir='ltr'><strong>heroum</strong></span> <span class='ocrx_word' id='word_1_67' title='bbox 2637 1358 2769 1417; x_wconf 91' lang='lat' dir='ltr'><strong>dico</strong></span> <span class='ocrx_word' id='word_1_68' title='bbox 2810 1364 2869 1418; x_wconf 91' lang='lat' dir='ltr'><strong>et</strong></span> 
     </span>
     <span class='ocr_line' id='line_1_10' title="bbox 667 1452 2864 1534; baseline 0.003 -24"><span class='ocrx_word' id='word_1_69' title='bbox 667 1461 1050 1516; x_wconf 75' lang='lat' dir='ltr'><strong>,mortuorum</strong></span> <span class='ocrx_word' id='word_1_70' title='bbox 1102 1456 1434 1532; x_wconf 84' lang='lat' dir='ltr'><strong>religionis,</strong></span> <span class='ocrx_word' id='word_1_71' title='bbox 1487 1456 1803 1515; x_wconf 87' lang='lat' dir='ltr'><strong>adsecutus</strong></span> <span class='ocrx_word' id='word_1_72' title='bbox 1847 1477 1916 1514; x_wconf 91' lang='lat' dir='ltr'><strong>ea</strong></span> <span class='ocrx_word' id='word_1_73' title='bbox 1954 1459 2177 1528; x_wconf 86' lang='lat' dir='ltr'><strong>aetate,</strong></span> <span class='ocrx_word' id='word_1_74' title='bbox 2230 1456 2307 1514; x_wconf 91' lang='lat' dir='ltr'><strong>ad</strong></span> <span class='ocrx_word' id='word_1_75' title='bbox 2342 1452 2536 1532; x_wconf 65' lang='lat' dir='ltr'><strong>&#39;quam</strong></span> <span class='ocrx_word' id='word_1_76' title='bbox 2574 1457 2691 1515; x_wconf 91' lang='lat' dir='ltr'><strong>iam</strong></span> <span class='ocrx_word' id='word_1_77' title='bbox 2732 1478 2864 1534; x_wconf 89' lang='lat' dir='ltr'><strong>per-</strong></span> 
     </span>
     <span class='ocr_line' id='line_1_11' title="bbox 679 1554 2864 1632; baseline 0 -20"><span class='ocrx_word' id='word_1_78' title='bbox 679 1557 974 1626; x_wconf 80' lang='lat' dir='ltr'><strong>venimuS,</strong></span> <span class='ocrx_word' id='word_1_79' title='bbox 1037 1558 1270 1613; x_wconf 82' lang='lat' dir='ltr'><strong>tantam</strong></span> <span class='ocrx_word' id='word_1_80' title='bbox 1330 1555 1450 1612; x_wconf 88' lang='lat' dir='ltr'><strong>vim</strong></span> <span class='ocrx_word' id='word_1_81' title='bbox 1513 1559 1693 1632; x_wconf 89' lang='lat' dir='ltr'><strong>atque</strong></span> <span class='ocrx_word' id='word_1_82' title='bbox 1752 1554 2223 1631; x_wconf 83' lang='lat' dir='ltr'><strong>magnitudinem</strong></span> <span class='ocrx_word' id='word_1_83' title='bbox 2280 1556 2405 1613; x_wconf 89' lang='lat' dir='ltr'><strong>ruit</strong></span> <span class='ocrx_word' id='word_1_84' title='bbox 2456 1555 2595 1613; x_wconf 88' lang='lat' dir='ltr'><strong>inde</strong></span> <span class='ocrx_word' id='word_1_85' title='bbox 2645 1554 2721 1632; x_wconf 84' lang='lat' dir='ltr'><strong>ab</strong></span> <span class='ocrx_word' id='word_1_86' title='bbox 2772 1555 2864 1614; x_wconf 89' lang='lat' dir='ltr'><strong>his</strong></span> 
     </span>
     <span class='ocr_line' id='line_1_12' title="bbox 678 1651 2861 1731; baseline 0.001 -21"><span class='ocrx_word' id='word_1_87' title='bbox 678 1653 1048 1729; x_wconf 83' lang='lat' dir='ltr'><strong>temporibus</strong></span> <span class='ocrx_word' id='word_1_88' title='bbox 1087 1673 1196 1730; x_wconf 89' lang='lat' dir='ltr'><strong>per</strong></span> <span class='ocrx_word' id='word_1_89' title='bbox 1242 1657 1434 1712; x_wconf 90' lang='lat' dir='ltr'><strong>totam</strong></span> <span class='ocrx_word' id='word_1_90' title='bbox 1475 1651 1785 1712; x_wconf 85' lang='lat' dir='ltr'><strong>Graeciam</strong></span> <span class='ocrx_word' id='word_1_91' title='bbox 1832 1658 2033 1713; x_wconf 87' lang='lat' dir='ltr'><strong>vastas</strong></span> <span class='ocrx_word' id='word_1_92' title='bbox 2098 1673 2274 1731; x_wconf 85' lang='lat' dir='ltr'><strong>saepe</strong></span> <span class='ocrx_word' id='word_1_93' title='bbox 2337 1653 2590 1712; x_wconf 87' lang='lat' dir='ltr'><strong>fundens</strong></span> <span class='ocrx_word' id='word_1_94' title='bbox 2653 1653 2861 1712; x_wconf 76' lang='lat' dir='ltr'><strong>undaS.</strong></span> 
     </span>
     <span class='ocr_line' id='line_1_13' title="bbox 680 1750 2865 1829; baseline 0 -19"><span class='ocrx_word' id='word_1_95' title='bbox 680 1750 813 1824; x_wconf 72' lang='lat' dir='ltr'><strong>Qua</strong></span> <span class='ocrx_word' id='word_1_96' title='bbox 851 1771 918 1809; x_wconf 90' lang='lat' dir='ltr'><strong>re</strong></span> <span class='ocrx_word' id='word_1_97' title='bbox 958 1771 1090 1810; x_wconf 90' lang='lat' dir='ltr'><strong>cum</strong></span> <span class='ocrx_word' id='word_1_98' title='bbox 1129 1751 1246 1810; x_wconf 92' lang='lat' dir='ltr'><strong>iam</strong></span> <span class='ocrx_word' id='word_1_99' title='bbox 1287 1752 1436 1810; x_wconf 90' lang='lat' dir='ltr'><strong>nihil</strong></span> <span class='ocrx_word' id='word_1_100' title='bbox 1475 1753 1667 1828; x_wconf 87' lang='lat' dir='ltr'><strong>magis</strong></span> <span class='ocrx_word' id='word_1_101' title='bbox 1707 1756 1965 1823; x_wconf 85' lang='lat' dir='ltr'><strong>constet,</strong></span> <span class='ocrx_word' id='word_1_102' title='bbox 2017 1753 2193 1829; x_wconf 88' lang='lat' dir='ltr'><strong>plura</strong></span> <span class='ocrx_word' id='word_1_103' title='bbox 2240 1751 2459 1810; x_wconf 89' lang='lat' dir='ltr'><strong>addere</strong></span> <span class='ocrx_word' id='word_1_104' title='bbox 2496 1752 2707 1810; x_wconf 91' lang='lat' dir='ltr'><strong>inutile</strong></span> <span class='ocrx_word' id='word_1_105' title='bbox 2746 1773 2865 1811; x_wconf 91' lang='lat' dir='ltr'><strong>non</strong></span> 
     </span>
     <span class='ocr_line' id='line_1_14' title="bbox 679 1849 1941 1928; baseline 0.002 -22"><span class='ocrx_word' id='word_1_106' title='bbox 679 1849 874 1908; x_wconf 90' lang='lat' dir='ltr'><strong>minus</strong></span> <span class='ocrx_word' id='word_1_107' title='bbox 915 1871 1093 1927; x_wconf 90' lang='lat' dir='ltr'><strong>quam</strong></span> <span class='ocrx_word' id='word_1_108' title='bbox 1134 1870 1643 1928; x_wconf 88' lang='lat' dir='ltr'><strong>supervacaneum</strong></span> <span class='ocrx_word' id='word_1_109' title='bbox 1684 1850 1941 1912; x_wconf 89' lang='lat' dir='ltr'><strong>videtur.</strong></span> 
     </span>
    </p>

    <p class='ocr_par' dir='ltr' id='par_1_5' title="bbox 679 1945 2867 2124">
     <span class='ocr_line' id='line_1_15' title="bbox 857 1945 2867 2025; baseline 0 -19"><span class='ocrx_word' id='word_1_110' title='bbox 857 1947 1073 2025; x_wconf 89' lang='lat' dir='ltr'><strong>Itaque</strong></span> <span class='ocrx_word' id='word_1_111' title='bbox 1110 1953 1273 2007; x_wconf 88' lang='lat' dir='ltr'><strong>retro</strong></span> <span class='ocrx_word' id='word_1_112' title='bbox 1315 1950 1574 2008; x_wconf 87' lang='lat' dir='ltr'><strong>animum</strong></span> <span class='ocrx_word' id='word_1_113' title='bbox 1615 1953 1916 2008; x_wconf 87' lang='lat' dir='ltr'><strong>vertamus</strong></span> <span class='ocrx_word' id='word_1_114' title='bbox 1960 1952 2020 2006; x_wconf 91' lang='lat' dir='ltr'><strong>et</strong></span> <span class='ocrx_word' id='word_1_115' title='bbox 2060 1947 2204 2024; x_wconf 85' lang='lat' dir='ltr'><strong>quid</strong></span> <span class='ocrx_word' id='word_1_116' title='bbox 2244 1945 2375 2006; x_wconf 89' lang='lat' dir='ltr'><strong>viae</strong></span> <span class='ocrx_word' id='word_1_117' title='bbox 2415 1948 2748 2007; x_wconf 87' lang='lat' dir='ltr'><strong>confectum</strong></span> <span class='ocrx_word' id='word_1_118' title='bbox 2789 1949 2867 2008; x_wconf 91' lang='lat' dir='ltr'><strong>sit</strong></span> 
     </span>
     <span class='ocr_line' id='line_1_16' title="bbox 679 2046 1805 2124; baseline 0.002 -20"><span class='ocrx_word' id='word_1_119' title='bbox 679 2069 716 2104; x_wconf 84' lang='lat' dir='ltr'><strong>a</strong></span> <span class='ocrx_word' id='word_1_120' title='bbox 755 2046 944 2119; x_wconf 76' lang='lat' dir='ltr'><strong>nobiS,</strong></span> <span class='ocrx_word' id='word_1_121' title='bbox 989 2046 1250 2105; x_wconf 87' lang='lat' dir='ltr'><strong>breviter</strong></span> <span class='ocrx_word' id='word_1_122' title='bbox 1289 2067 1805 2124; x_wconf 75' lang='lat' dir='ltr'><strong>recognoscamus·</strong></span> 
     </span>
    </p>

    <p class='ocr_par' dir='ltr' id='par_1_6' title="bbox 675 2143 2867 3398">
     <span class='ocr_line' id='line_1_17' title="bbox 855 2143 2867 2222; baseline 0.001 -20"><span class='ocrx_word' id='word_1_123' title='bbox 855 2143 1249 2222; x_wconf 84' lang='lat' dir='ltr'><strong>Exploratum</strong></span> <span class='ocrx_word' id='word_1_124' title='bbox 1295 2145 1581 2204; x_wconf 87' lang='lat' dir='ltr'><strong>habemus</strong></span> <span class='ocrx_word' id='word_1_125' title='bbox 1631 2145 1843 2204; x_wconf 89' lang='lat' dir='ltr'><strong>heroas</strong></span> <span class='ocrx_word' id='word_1_126' title='bbox 1892 2144 2084 2203; x_wconf 87' lang='lat' dir='ltr'><strong>altera</strong></span> <span class='ocrx_word' id='word_1_127' title='bbox 2124 2164 2195 2203; x_wconf 85' lang='lat' dir='ltr'><strong>ex</strong></span> <span class='ocrx_word' id='word_1_128' title='bbox 2234 2147 2407 2220; x_wconf 87' lang='lat' dir='ltr'><strong>parte</strong></span> <span class='ocrx_word' id='word_1_129' title='bbox 2448 2143 2653 2202; x_wconf 89' lang='lat' dir='ltr'><strong>eodem</strong></span> <span class='ocrx_word' id='word_1_130' title='bbox 2692 2147 2867 2222; x_wconf 87' lang='lat' dir='ltr'><strong>plane</strong></span> 
     </span>
     <span class='ocr_line' id='line_1_18' title="bbox 680 2241 2867 2320; baseline 0.001 -20"><span class='ocrx_word' id='word_1_131' title='bbox 680 2243 854 2301; x_wconf 89' lang='lat' dir='ltr'><strong>modo</strong></span> <span class='ocrx_word' id='word_1_132' title='bbox 904 2243 1094 2302; x_wconf 87' lang='lat' dir='ltr'><strong>cultos</strong></span> <span class='ocrx_word' id='word_1_133' title='bbox 1145 2243 1327 2302; x_wconf 85' lang='lat' dir='ltr'><strong>fuisse</strong></span> <span class='ocrx_word' id='word_1_134' title='bbox 1377 2248 1558 2320; x_wconf 89' lang='lat' dir='ltr'><strong>atque</strong></span> <span class='ocrx_word' id='word_1_135' title='bbox 1605 2244 1945 2314; x_wconf 79' lang='lat' dir='ltr'><strong>defunctoS‚</strong></span> <span class='ocrx_word' id='word_1_136' title='bbox 1998 2242 2057 2301; x_wconf 88' lang='lat' dir='ltr'><strong>h.</strong></span> <span class='ocrx_word' id='word_1_137' title='bbox 2103 2263 2151 2300; x_wconf 94' lang='lat' dir='ltr'><strong>e.</strong></span> <span class='ocrx_word' id='word_1_138' title='bbox 2208 2241 2437 2300; x_wconf 88' lang='lat' dir='ltr'><strong>inferiis</strong></span> <span class='ocrx_word' id='word_1_139' title='bbox 2476 2242 2554 2300; x_wconf 91' lang='lat' dir='ltr'><strong>ad</strong></span> <span class='ocrx_word' id='word_1_140' title='bbox 2593 2245 2867 2320; x_wconf 89' lang='lat' dir='ltr'><strong>sepulcra</strong></span> 
     </span>
     <span class='ocr_line' id='line_1_19' title="bbox 678 2339 2859 2424; baseline 0 -24"><span class='ocrx_word' id='word_1_141' title='bbox 678 2343 773 2400; x_wconf 87' lang='lat' dir='ltr'><strong>vel</strong></span> <span class='ocrx_word' id='word_1_142' title='bbox 844 2342 1198 2419; x_wconf 87' lang='lat' dir='ltr'><strong>cenotaphia</strong></span> <span class='ocrx_word' id='word_1_143' title='bbox 1267 2343 1391 2401; x_wconf 86' lang='lat' dir='ltr'><strong>sive</strong></span> <span class='ocrx_word' id='word_1_144' title='bbox 1463 2341 1892 2401; x_wconf 86' lang='lat' dir='ltr'><strong>concremando</strong></span> <span class='ocrx_word' id='word_1_145' title='bbox 1948 2342 2072 2400; x_wconf 86' lang='lat' dir='ltr'><strong>sive</strong></span> <span class='ocrx_word' id='word_1_146' title='bbox 2134 2339 2547 2417; x_wconf 87' lang='lat' dir='ltr'><strong>profundendo</strong></span> <span class='ocrx_word' id='word_1_147' title='bbox 2620 2341 2859 2424; x_wconf 72' lang='lat' dir='ltr'><strong>oblatis3</strong></span> 
     </span>
     <span class='ocr_line' id='line_1_20' title="bbox 679 2438 2865 2500; baseline 0.001 -4"><span class='ocrx_word' id='word_1_148' title='bbox 679 2439 869 2497; x_wconf 89' lang='lat' dir='ltr'><strong>altera</strong></span> <span class='ocrx_word' id='word_1_149' title='bbox 909 2445 1105 2499; x_wconf 91' lang='lat' dir='ltr'><strong>autem</strong></span> <span class='ocrx_word' id='word_1_150' title='bbox 1145 2440 1481 2500; x_wconf 90' lang='lat' dir='ltr'><strong>honorandi</strong></span> <span class='ocrx_word' id='word_1_151' title='bbox 1529 2441 1761 2500; x_wconf 89' lang='lat' dir='ltr'><strong>ratione</strong></span> <span class='ocrx_word' id='word_1_152' title='bbox 1808 2444 2084 2498; x_wconf 87' lang='lat' dir='ltr'><strong>versante</strong></span> <span class='ocrx_word' id='word_1_153' title='bbox 2132 2439 2193 2496; x_wconf 90' lang='lat' dir='ltr'><strong>in</strong></span> <span class='ocrx_word' id='word_1_154' title='bbox 2244 2438 2511 2497; x_wconf 90' lang='lat' dir='ltr'><strong>ciborum</strong></span> <span class='ocrx_word' id='word_1_155' title='bbox 2562 2459 2865 2498; x_wconf 90' lang='lat' dir='ltr'><strong>consecra-</strong></span> 
     </span>
     <span class='ocr_line' id='line_1_21' title="bbox 675 2537 2863 2615; baseline 0.001 -21"><span class='ocrx_word' id='word_1_156' title='bbox 675 2538 864 2609; x_wconf 87' lang='lat' dir='ltr'><strong>tione,</strong></span> <span class='ocrx_word' id='word_1_157' title='bbox 919 2540 1022 2615; x_wconf 90' lang='lat' dir='ltr'><strong>qui</strong></span> <span class='ocrx_word' id='word_1_158' title='bbox 1068 2539 1142 2597; x_wconf 92' lang='lat' dir='ltr'><strong>iis</strong></span> <span class='ocrx_word' id='word_1_159' title='bbox 1193 2540 1392 2598; x_wconf 90' lang='lat' dir='ltr'><strong>nescio</strong></span> <span class='ocrx_word' id='word_1_160' title='bbox 1434 2560 1510 2598; x_wconf 88' lang='lat' dir='ltr'><strong>an</strong></span> <span class='ocrx_word' id='word_1_161' title='bbox 1548 2539 1611 2596; x_wconf 92' lang='lat' dir='ltr'><strong>in</strong></span> <span class='ocrx_word' id='word_1_162' title='bbox 1650 2539 1923 2597; x_wconf 89' lang='lat' dir='ltr'><strong>domibus</strong></span> <span class='ocrx_word' id='word_1_163' title='bbox 1972 2537 2331 2614; x_wconf 87' lang='lat' dir='ltr'><strong>templisque</strong></span> <span class='ocrx_word' id='word_1_164' title='bbox 2380 2537 2679 2614; x_wconf 87' lang='lat' dir='ltr'><strong>propositi</strong></span> <span class='ocrx_word' id='word_1_165' title='bbox 2725 2538 2863 2610; x_wconf 87' lang='lat' dir='ltr'><strong>sint,</strong></span> 
     </span>
     <span class='ocr_line' id='line_1_22' title="bbox 679 2634 2867 2696; baseline 0 -2"><span class='ocrx_word' id='word_1_166' title='bbox 679 2636 922 2694; x_wconf 87' lang='lat' dir='ltr'><strong>eandem</strong></span> <span class='ocrx_word' id='word_1_167' title='bbox 980 2657 1114 2696; x_wconf 92' lang='lat' dir='ltr'><strong>cum</strong></span> <span class='ocrx_word' id='word_1_168' title='bbox 1153 2638 1404 2696; x_wconf 84' lang='lat' dir='ltr'><strong>mortuis</strong></span> <span class='ocrx_word' id='word_1_169' title='bbox 1445 2641 1506 2695; x_wconf 89' lang='lat' dir='ltr'><strong>et</strong></span> <span class='ocrx_word' id='word_1_170' title='bbox 1545 2636 1660 2696; x_wconf 83' lang='lat' dir='ltr'><strong>diis</strong></span> <span class='ocrx_word' id='word_1_171' title='bbox 1700 2637 1906 2695; x_wconf 89' lang='lat' dir='ltr'><strong>inferis</strong></span> <span class='ocrx_word' id='word_1_172' title='bbox 1954 2634 2322 2694; x_wconf 90' lang='lat' dir='ltr'><strong>intercedere</strong></span> <span class='ocrx_word' id='word_1_173' title='bbox 2370 2634 2867 2694; x_wconf 86' lang='lat' dir='ltr'><strong>necessitudinem</strong></span> 
     </span>
     <span class='ocr_line' id='line_1_23' title="bbox 677 2732 2866 2810; baseline 0.001 -19"><span class='ocrx_word' id='word_1_174' title='bbox 677 2734 938 2810; x_wconf 89' lang='lat' dir='ltr'><strong>probari.</strong></span> <span class='ocrx_word' id='word_1_175' title='bbox 1005 2732 1171 2807; x_wconf 79' lang='lat' dir='ltr'><strong>Quae</strong></span> <span class='ocrx_word' id='word_1_176' title='bbox 1212 2754 1344 2794; x_wconf 90' lang='lat' dir='ltr'><strong>cum</strong></span> <span class='ocrx_word' id='word_1_177' title='bbox 1384 2735 1470 2793; x_wconf 87' lang='lat' dir='ltr'><strong>ita</strong></span> <span class='ocrx_word' id='word_1_178' title='bbox 1509 2735 1647 2807; x_wconf 90' lang='lat' dir='ltr'><strong>sint,</strong></span> <span class='ocrx_word' id='word_1_179' title='bbox 1692 2734 1820 2793; x_wconf 90' lang='lat' dir='ltr'><strong>veri</strong></span> <span class='ocrx_word' id='word_1_180' title='bbox 1860 2734 2222 2792; x_wconf 90' lang='lat' dir='ltr'><strong>simillimum</strong></span> <span class='ocrx_word' id='word_1_181' title='bbox 2264 2732 2500 2791; x_wconf 89' lang='lat' dir='ltr'><strong>videtur</strong></span> <span class='ocrx_word' id='word_1_182' title='bbox 2538 2732 2750 2794; x_wconf 89' lang='lat' dir='ltr'><strong>heroas</strong></span> <span class='ocrx_word' id='word_1_183' title='bbox 2782 2735 2866 2794; x_wconf 91' lang='lat' dir='ltr'><strong>nil</strong></span> 
     </span>
     <span class='ocr_line' id='line_1_24' title="bbox 679 2826 2866 2908; baseline 0.002 -20"><span class='ocrx_word' id='word_1_184' title='bbox 679 2851 808 2889; x_wconf 88' lang='lat' dir='ltr'><strong>esse</strong></span> <span class='ocrx_word' id='word_1_185' title='bbox 846 2832 963 2890; x_wconf 90' lang='lat' dir='ltr'><strong>nisi</strong></span> <span class='ocrx_word' id='word_1_186' title='bbox 1003 2837 1232 2890; x_wconf 92' lang='lat' dir='ltr'><strong>certum</strong></span> <span class='ocrx_word' id='word_1_187' title='bbox 1275 2832 1574 2908; x_wconf 91' lang='lat' dir='ltr'><strong>quoddam</strong></span> <span class='ocrx_word' id='word_1_188' title='bbox 1613 2852 1803 2908; x_wconf 87' lang='lat' dir='ltr'><strong>genus</strong></span> <span class='ocrx_word' id='word_1_189' title='bbox 1844 2832 2169 2890; x_wconf 87' lang='lat' dir='ltr'><strong>inferorum</strong></span> <span class='ocrx_word' id='word_1_190' title='bbox 2210 2826 2363 2906; x_wconf 81' lang='grc' dir='ltr'><strong>(τῶν</strong></span> <span class='ocrx_word' id='word_1_191' title='bbox 2394 2829 2722 2908; x_wconf 73' lang='grc' dir='ltr'><em>χθονίων).</em></span> <span class='ocrx_word' id='word_1_192' title='bbox 2802 2831 2866 2892; x_wconf 81' lang='lat' dir='ltr'><strong>Si</strong></span> 
     </span>
     <span class='ocr_line' id='line_1_25' title="bbox 677 2927 2866 3007; baseline 0.003 -23"><span class='ocrx_word' id='word_1_193' title='bbox 677 2929 888 3004; x_wconf 84' lang='lat' dir='ltr'><strong>igitur.</strong></span> <span class='ocrx_word' id='word_1_194' title='bbox 914 2929 1047 3006; x_wconf 90' lang='lat' dir='ltr'><strong>quis</strong></span> <span class='ocrx_word' id='word_1_195' title='bbox 1097 2930 1472 3007; x_wconf 78' lang='lat' dir='ltr'><strong>religionem.</strong></span> <span class='ocrx_word' id='word_1_196' title='bbox 1489 2935 1861 2990; x_wconf 90' lang='lat' dir='ltr'><strong>mortuorum</strong></span> <span class='ocrx_word' id='word_1_197' title='bbox 1904 2951 1977 2988; x_wconf 85' lang='lat' dir='ltr'><strong>ex</strong></span> <span class='ocrx_word' id='word_1_198' title='bbox 2015 2929 2263 2988; x_wconf 85' lang='lat' dir='ltr'><strong>heroum</strong></span> <span class='ocrx_word' id='word_1_199' title='bbox 2302 2927 2629 2988; x_wconf 83' lang='lat' dir='ltr'><strong>honoribus</strong></span> <span class='ocrx_word' id='word_1_200' title='bbox 2672 2935 2866 2990; x_wconf 90' lang='lat' dir='ltr'><strong>ortam</strong></span> 
     </span>
     <span class='ocr_line' id='line_1_26' title="bbox 678 3025 2866 3104; baseline 0.002 -20"><span class='ocrx_word' id='word_1_201' title='bbox 678 3047 806 3085; x_wconf 89' lang='lat' dir='ltr'><strong>esse</strong></span> <span class='ocrx_word' id='word_1_202' title='bbox 846 3048 1199 3104; x_wconf 88' lang='lat' dir='ltr'><strong>persuasum</strong></span> <span class='ocrx_word' id='word_1_203' title='bbox 1238 3029 1444 3102; x_wconf 89' lang='lat' dir='ltr'><strong>habet,</strong></span> <span class='ocrx_word' id='word_1_204' title='bbox 1500 3050 1632 3088; x_wconf 93' lang='lat' dir='ltr'><strong>eum</strong></span> <span class='ocrx_word' id='word_1_205' title='bbox 1684 3029 1840 3088; x_wconf 91' lang='lat' dir='ltr'><strong>idem</strong></span> <span class='ocrx_word' id='word_1_206' title='bbox 1890 3029 1964 3086; x_wconf 91' lang='lat' dir='ltr'><strong>de</strong></span> <span class='ocrx_word' id='word_1_207' title='bbox 2002 3028 2283 3087; x_wconf 89' lang='lat' dir='ltr'><strong>universo</strong></span> <span class='ocrx_word' id='word_1_208' title='bbox 2324 3025 2569 3084; x_wconf 90' lang='lat' dir='ltr'><strong>deorum</strong></span> <span class='ocrx_word' id='word_1_209' title='bbox 2610 3027 2866 3088; x_wconf 82' lang='lat' dir='ltr'><strong>inferum</strong></span> 
     </span>
     <span class='ocr_line' id='line_1_27' title="bbox 679 3122 2865 3204; baseline 0.002 -22"><span class='ocrx_word' id='word_1_210' title='bbox 679 3125 844 3184; x_wconf 91' lang='lat' dir='ltr'><strong>cultu</strong></span> <span class='ocrx_word' id='word_1_211' title='bbox 873 3126 1188 3186; x_wconf 87' lang='lat' dir='ltr'><strong>adfirmare</strong></span> <span class='ocrx_word' id='word_1_212' title='bbox 1219 3127 1435 3186; x_wconf 88' lang='lat' dir='ltr'><strong>debere</strong></span> <span class='ocrx_word' id='word_1_213' title='bbox 1478 3148 1509 3185; x_wconf 91' lang='lat' dir='ltr'><strong>e</strong></span> <span class='ocrx_word' id='word_1_214' title='bbox 1546 3127 1920 3204; x_wconf 89' lang='lat' dir='ltr'><strong>praegressis</strong></span> <span class='ocrx_word' id='word_1_215' title='bbox 1960 3146 2070 3203; x_wconf 89' lang='lat' dir='ltr'><strong>per</strong></span> <span class='ocrx_word' id='word_1_216' title='bbox 2110 3145 2173 3183; x_wconf 91' lang='lat' dir='ltr'><strong>se</strong></span> <span class='ocrx_word' id='word_1_217' title='bbox 2213 3127 2399 3201; x_wconf 88' lang='lat' dir='ltr'><strong>patet.</strong></span> <span class='ocrx_word' id='word_1_218' title='bbox 2467 3122 2643 3197; x_wconf 79' lang='lat' dir='ltr'><strong>Quod</strong></span> <span class='ocrx_word' id='word_1_219' title='bbox 2682 3147 2865 3204; x_wconf 90' lang='lat' dir='ltr'><strong>quan-</strong></span> 
     </span>
     <span class='ocr_line' id='line_1_28' title="bbox 676 3223 2859 3301; baseline 0.002 -20"><span class='ocrx_word' id='word_1_220' title='bbox 676 3227 885 3301; x_wconf 89' lang='lat' dir='ltr'><strong>topere</strong></span> <span class='ocrx_word' id='word_1_221' title='bbox 924 3224 1194 3283; x_wconf 89' lang='lat' dir='ltr'><strong>mirabile</strong></span> <span class='ocrx_word' id='word_1_222' title='bbox 1234 3244 1354 3283; x_wconf 92' lang='lat' dir='ltr'><strong>non</strong></span> <span class='ocrx_word' id='word_1_223' title='bbox 1395 3226 1602 3297; x_wconf 89' lang='lat' dir='ltr'><strong>solum,</strong></span> <span class='ocrx_word' id='word_1_224' title='bbox 1649 3225 1754 3284; x_wconf 90' lang='lat' dir='ltr'><strong>sed</strong></span> <span class='ocrx_word' id='word_1_225' title='bbox 1796 3225 1971 3283; x_wconf 89' lang='lat' dir='ltr'><strong>etiam</strong></span> <span class='ocrx_word' id='word_1_226' title='bbox 2030 3241 2378 3301; x_wconf 89' lang='lat' dir='ltr'><strong>perversum</strong></span> <span class='ocrx_word' id='word_1_227' title='bbox 2418 3223 2523 3296; x_wconf 90' lang='lat' dir='ltr'><strong>sit,</strong></span> <span class='ocrx_word' id='word_1_228' title='bbox 2591 3245 2711 3284; x_wconf 92' lang='lat' dir='ltr'><strong>non</strong></span> <span class='ocrx_word' id='word_1_229' title='bbox 2752 3231 2859 3298; x_wconf 86' lang='lat' dir='ltr'><strong>est,</strong></span> 
     </span>
     <span class='ocr_line' id='line_1_29' title="bbox 679 3321 1182 3398; baseline 0 -18"><span class='ocrx_word' id='word_1_230' title='bbox 679 3341 797 3397; x_wconf 90' lang='lat' dir='ltr'><strong>quo</strong></span> <span class='ocrx_word' id='word_1_231' title='bbox 846 3321 1182 3398; x_wconf 84' lang='lat' dir='ltr'><strong>explicem.-</strong></span> 
     </span>
    </p>

    <p class='ocr_par' dir='ltr' id='par_1_7' title="bbox 677 3415 2867 3894">
     <span class='ocr_line' id='line_1_30' title="bbox 854 3415 2867 3496; baseline 0.002 -19"><span class='ocrx_word' id='word_1_232' title='bbox 854 3415 1063 3495; x_wconf 90' lang='lat' dir='ltr'><strong>Atque</strong></span> <span class='ocrx_word' id='word_1_233' title='bbox 1141 3439 1252 3494; x_wconf 87' lang='lat' dir='ltr'><strong>ego</strong></span> <span class='ocrx_word' id='word_1_234' title='bbox 1333 3419 1568 3496; x_wconf 91' lang='lat' dir='ltr'><strong>quidem</strong></span> <span class='ocrx_word' id='word_1_235' title='bbox 1649 3419 1913 3478; x_wconf 90' lang='lat' dir='ltr'><strong>arbitror</strong></span> <span class='ocrx_word' id='word_1_236' title='bbox 1990 3419 2153 3478; x_wconf 48' lang='lat' dir='ltr'><strong>haec.</strong></span> <span class='ocrx_word' id='word_1_237' title='bbox 2206 3438 2349 3477; x_wconf 92' lang='lat' dir='ltr'><strong>sane</strong></span> <span class='ocrx_word' id='word_1_238' title='bbox 2420 3419 2715 3494; x_wconf 88' lang='lat' dir='ltr'><strong>sufficere,</strong></span> <span class='ocrx_word' id='word_1_239' title='bbox 2796 3427 2867 3481; x_wconf 88' lang='lat' dir='ltr'><strong>ut</strong></span> 
     </span>
     <span class='ocr_line' id='line_1_31' title="bbox 677 3515 2863 3598; baseline 0.001 -22"><span class='ocrx_word' id='word_1_240' title='bbox 677 3516 878 3595; x_wconf 88' lang='lat' dir='ltr'><strong>opinio</strong></span> <span class='ocrx_word' id='word_1_241' title='bbox 947 3517 1052 3576; x_wconf 81' lang='lat' dir='ltr'><strong>illa</strong></span> <span class='ocrx_word' id='word_1_242' title='bbox 1111 3517 1410 3578; x_wconf 88' lang='lat' dir='ltr'><strong>reiciatur.</strong></span> <span class='ocrx_word' id='word_1_243' title='bbox 1505 3515 1624 3578; x_wconf 84' lang='lat' dir='ltr'><strong>Sed</strong></span> <span class='ocrx_word' id='word_1_244' title='bbox 1685 3517 1975 3592; x_wconf 83' lang='lat' dir='ltr'><strong>accedunt</strong></span> <span class='ocrx_word' id='word_1_245' title='bbox 2041 3522 2387 3597; x_wconf 84' lang='lat' dir='ltr'><strong>praeterea,</strong></span> <span class='ocrx_word' id='word_1_246' title='bbox 2462 3538 2613 3595; x_wconf 90' lang='lat' dir='ltr'><strong>quae</strong></span> <span class='ocrx_word' id='word_1_247' title='bbox 2680 3540 2863 3598; x_wconf 88' lang='lat' dir='ltr'><strong>porro</strong></span> 
     </span>
     <span class='ocr_line' id='line_1_32' title="bbox 677 3615 2863 3696; baseline 0.002 -22"><span class='ocrx_word' id='word_1_248' title='bbox 677 3615 1098 3676; x_wconf 84' lang='lat' dir='ltr'><strong>extricavimus</strong></span> <span class='ocrx_word' id='word_1_249' title='bbox 1152 3616 1216 3674; x_wconf 88' lang='lat' dir='ltr'><strong>in</strong></span> <span class='ocrx_word' id='word_1_250' title='bbox 1263 3620 1522 3694; x_wconf 73' lang='lat' dir='ltr'><strong>⁴utraque</strong></span> <span class='ocrx_word' id='word_1_251' title='bbox 1577 3617 1867 3694; x_wconf 85' lang='lat' dir='ltr'><strong>religione</strong></span> <span class='ocrx_word' id='word_1_252' title='bbox 1930 3615 2329 3696; x_wconf 90' lang='lat' dir='ltr'><strong>comparanda</strong></span> <span class='ocrx_word' id='word_1_253' title='bbox 2396 3637 2469 3676; x_wconf 87' lang='lat' dir='ltr'><strong>ex</strong></span> <span class='ocrx_word' id='word_1_254' title='bbox 2529 3618 2863 3680; x_wconf 80' lang='lat' dir='ltr'><strong>‘veterrimis</strong></span> 
     </span>
     <span class='ocr_line' id='line_1_33' title="bbox 677 3710 2866 3792; baseline 0.002 -20"><span class='ocrx_word' id='word_1_255' title='bbox 677 3710 1039 3772; x_wconf 83' lang='lat' dir='ltr'><strong>Graecorum</strong></span> <span class='ocrx_word' id='word_1_256' title='bbox 1113 3714 1524 3792; x_wconf 89' lang='lat' dir='ltr'><strong>scriptoribus.</strong></span> <span class='ocrx_word' id='word_1_257' title='bbox 1640 3713 1795 3774; x_wconf 84' lang='lat' dir='ltr'><strong>Sunt</strong></span> <span class='ocrx_word' id='word_1_258' title='bbox 1881 3720 2079 3776; x_wconf 86' lang='lat' dir='ltr'><strong>autem</strong></span> <span class='ocrx_word' id='word_1_259' title='bbox 2166 3715 2332 3778; x_wconf 90' lang='lat' dir='ltr'><strong>haec.</strong></span> <span class='ocrx_word' id='word_1_260' title='bbox 2446 3716 2524 3776; x_wconf 92' lang='lat' dir='ltr'><strong>In</strong></span> <span class='ocrx_word' id='word_1_261' title='bbox 2612 3715 2866 3776; x_wconf 89' lang='lat' dir='ltr'><strong>Homeri</strong></span> 
     </span>
     <span class='ocr_line' id='line_1_34' title="bbox 679 3799 2863 3894; baseline 0.002 -25"><span class='ocrx_word' id='word_1_262' title='bbox 679 3799 1004 3870; x_wconf 88' lang='lat' dir='ltr'><strong>carminum</strong></span> <span class='ocrx_word' id='word_1_263' title='bbox 1063 3813 1491 3890; x_wconf 88' lang='lat' dir='ltr'><strong>antiquissimis</strong></span> <span class='ocrx_word' id='word_1_264' title='bbox 1559 3815 1834 3892; x_wconf 89' lang='lat' dir='ltr'><strong>partibus</strong></span> <span class='ocrx_word' id='word_1_265' title='bbox 1912 3813 2327 3874; x_wconf 87' lang='lat' dir='ltr'><strong>defunctorum</strong></span> <span class='ocrx_word' id='word_1_266' title='bbox 2411 3814 2649 3894; x_wconf 89' lang='lat' dir='ltr'><strong>quidem</strong></span> <span class='ocrx_word' id='word_1_267' title='bbox 2726 3814 2863 3874; x_wconf 90' lang='lat' dir='ltr'><strong>reli-</strong></span> 
     </span>
    </p>
   </div>
   <div class='ocr_carea' id='block_1_3' title="bbox 676 3955 1101 3965">
    <p class='ocr_par' dir='ltr' id='par_1_8' title="bbox 676 3955 1101 3965">
     <span class='ocr_line' id='line_1_35' title="bbox 676 3955 1101 3965; baseline 0 1427"><span class='ocrx_word' id='word_1_268' title='bbox 676 3955 1101 3965; x_wconf 95' lang='lat' dir='ltr'><strong> </strong></span> 
     </span>
    </p>
   </div>
   <div class='ocr_carea' id='block_1_4' title="bbox 621 4030 2862 4426">
    <p class='ocr_par' dir='ltr' id='par_1_9' title="bbox 827 4030 2825 4104">
     <span class='ocr_line' id='line_1_36' title="bbox 827 4030 2825 4104; baseline -0.001 -19"><span class='ocrx_word' id='word_1_269' title='bbox 827 4031 868 4100; x_wconf 73' lang='grc' dir='ltr'><strong>ι)</strong></span> <span class='ocrx_word' id='word_1_270' title='bbox 907 4030 988 4086; x_wconf 82' lang='lat' dir='ltr'><strong>Of.</strong></span> <span class='ocrx_word' id='word_1_271' title='bbox 1014 4031 1085 4087; x_wconf 90' lang='lat' dir='ltr'><strong>U.</strong></span> <span class='ocrx_word' id='word_1_272' title='bbox 1110 4031 1340 4097; x_wconf 67' lang='lat' dir='ltr'><strong>Kohler,</strong></span> <span class='ocrx_word' id='word_1_273' title='bbox 1379 4031 1722 4104; x_wconf 71' lang='lat' dir='ltr'><strong>Mittheilqy.</strong></span> <span class='ocrx_word' id='word_1_274' title='bbox 1748 4030 1799 4086; x_wconf 83' lang='lat' dir='ltr'><strong>d.</strong></span> <span class='ocrx_word' id='word_1_275' title='bbox 1828 4030 1879 4086; x_wconf 83' lang='lat' dir='ltr'><strong>d.</strong></span> <span class='ocrx_word' id='word_1_276' title='bbox 1905 4031 2055 4086; x_wconf 73' lang='lat' dir='ltr'><strong>arch.</strong></span> <span class='ocrx_word' id='word_1_277' title='bbox 2086 4030 2231 4087; x_wconf 77' lang='lat' dir='ltr'><strong>Inst.</strong></span> <span class='ocrx_word' id='word_1_278' title='bbox 2268 4048 2315 4087; x_wconf 79' lang='lat' dir='ltr'><strong>z.</strong></span> <span class='ocrx_word' id='word_1_279' title='bbox 2340 4031 2471 4089; x_wconf 75' lang='lat' dir='ltr'><strong>Ath.</strong></span> <span class='ocrx_word' id='word_1_280' title='bbox 2500 4030 2549 4099; x_wconf 94' lang='grc' dir='ltr'><strong>Ι,</strong></span> <span class='ocrx_word' id='word_1_281' title='bbox 2577 4039 2681 4099; x_wconf 77' lang='lat'><strong>139</strong></span> <span class='ocrx_word' id='word_1_282' title='bbox 2708 4047 2825 4100; x_wconf 87' lang='lat' dir='ltr'><strong>sqq.</strong></span> 
     </span>
    </p>

    <p class='ocr_par' dir='ltr' id='par_1_10' title="bbox 823 4110 2141 4183">
     <span class='ocr_line' id='line_1_37' title="bbox 823 4110 2141 4183; baseline 0 -17"><span class='ocrx_word' id='word_1_283' title='bbox 823 4110 870 4180; x_wconf 77' lang='lat'><strong>⁹)</strong></span> <span class='ocrx_word' id='word_1_284' title='bbox 907 4111 990 4167; x_wconf 83' lang='lat' dir='ltr'><strong>cf.</strong></span> <span class='ocrx_word' id='word_1_285' title='bbox 1027 4111 1383 4178; x_wconf 70' lang='lat' dir='ltr'><strong>Milchhofer,</strong></span> <span class='ocrx_word' id='word_1_286' title='bbox 1422 4111 1763 4183; x_wconf 73' lang='lat' dir='ltr'><strong>Mittheiqu.</strong></span> <span class='ocrx_word' id='word_1_287' title='bbox 1801 4115 1895 4167; x_wconf 83' lang='lat' dir='ltr'><strong>etc.</strong></span> <span class='ocrx_word' id='word_1_288' title='bbox 1933 4111 1981 4178; x_wconf 91' lang='grc' dir='ltr'><strong>Ι,</strong></span> <span class='ocrx_word' id='word_1_289' title='bbox 2022 4126 2141 4178; x_wconf 89' lang='lat'><strong>313.</strong></span> 
     </span>
    </p>

    <p class='ocr_par' dir='ltr' id='par_1_11' title="bbox 621 4190 2862 4426">
     <span class='ocr_line' id='line_1_38' title="bbox 818 4190 2862 4263; baseline -0.001 -17"><span class='ocrx_word' id='word_1_290' title='bbox 818 4191 1013 4248; x_wconf 89' lang='lat' dir='ltr'><strong>Liceat</strong></span> <span class='ocrx_word' id='word_1_291' title='bbox 1045 4193 1136 4247; x_wconf 91' lang='lat' dir='ltr'><strong>hic</strong></span> <span class='ocrx_word' id='word_1_292' title='bbox 1172 4192 1436 4246; x_wconf 85' lang='lat' dir='ltr'><strong>adnotare</strong></span> <span class='ocrx_word' id='word_1_293' title='bbox 1471 4209 1650 4260; x_wconf 89' lang='lat' dir='ltr'><strong>neque</strong></span> <span class='ocrx_word' id='word_1_294' title='bbox 1686 4192 2143 4262; x_wconf 88' lang='lat' dir='ltr'><strong>philosophorum</strong></span> <span class='ocrx_word' id='word_1_295' title='bbox 2178 4193 2427 4263; x_wconf 89' lang='lat' dir='ltr'><strong>priorum</strong></span> <span class='ocrx_word' id='word_1_296' title='bbox 2463 4209 2643 4261; x_wconf 89' lang='lat' dir='ltr'><strong>neque</strong></span> <span class='ocrx_word' id='word_1_297' title='bbox 2677 4190 2862 4261; x_wconf 88' lang='lat' dir='ltr'><strong>orphi-</strong></span> 
     </span>
     <span class='ocr_line' id='line_1_39' title="bbox 677 4271 2862 4350; baseline 0 -25"><span class='ocrx_word' id='word_1_298' title='bbox 677 4289 868 4326; x_wconf 89' lang='lat' dir='ltr'><strong>corum</strong></span> <span class='ocrx_word' id='word_1_299' title='bbox 903 4290 1084 4342; x_wconf 89' lang='lat' dir='ltr'><strong>neque</strong></span> <span class='ocrx_word' id='word_1_300' title='bbox 1123 4271 1513 4328; x_wconf 87' lang='lat' dir='ltr'><strong>historicorum</strong></span> <span class='ocrx_word' id='word_1_301' title='bbox 1564 4272 1822 4343; x_wconf 88' lang='lat' dir='ltr'><strong>reliquias</strong></span> <span class='ocrx_word' id='word_1_302' title='bbox 1859 4275 1931 4330; x_wconf 90' lang='lat' dir='ltr'><strong>ad</strong></span> <span class='ocrx_word' id='word_1_303' title='bbox 1965 4276 2218 4329; x_wconf 87' lang='lat' dir='ltr'><strong>nostrum</strong></span> <span class='ocrx_word' id='word_1_304' title='bbox 2260 4273 2605 4350; x_wconf 87' lang='lat' dir='ltr'><strong>propositum</strong></span> <span class='ocrx_word' id='word_1_305' title='bbox 2650 4271 2862 4342; x_wconf 89' lang='lat' dir='ltr'><strong>aliquid</strong></span> 
     </span>
     <span class='ocr_line' id='line_1_40' title="bbox 621 4353 948 4426; baseline 0.012 -19"><span class='ocrx_word' id='word_1_306' title='bbox 621 4407 628 4414; x_wconf 84' lang='grc'><em>,</em></span> <span class='ocrx_word' id='word_1_307' title='bbox 675 4353 948 4426; x_wconf 82' lang='lat' dir='ltr'><strong>prodesse.</strong></span> 
     </span>
    </p>
   </div>
   <div class='ocr_carea' id='block_1_5' title="bbox 3320 50 3325 3036">
    <p class='ocr_par' dir='ltr' id='par_1_12' title="bbox 3320 50 3325 3036">
     <span class='ocr_line' id='line_1_41' title="bbox 3320 50 3325 3036; baseline 0 0"><span class='ocrx_word' id='word_1_308' title='bbox 3320 50 3325 3036; x_wconf 95' lang='lat' dir='ltr'><strong> </strong></span> 
     </span>
    </p>
   </div>
   <div class='ocr_carea' id='block_1_6' title="bbox 3320 50 3325 3036">
    <p class='ocr_par' dir='ltr' id='par_1_13' title="bbox 3320 50 3325 3036">
     <span class='ocr_line' id='line_1_42' title="bbox 3320 50 3325 3036; baseline 0 0"><span class='ocrx_word' id='word_1_309' title='bbox 3320 50 3325 3036; x_wconf 95' lang='lat' dir='ltr'><strong> </strong></span> 
     </span>
    </p>
   </div>
   <div class='ocr_carea' id='block_1_7' title="bbox 3320 50 3325 3041">
    <p class='ocr_par' dir='ltr' id='par_1_14' title="bbox 3320 50 3325 3041">
     <span class='ocr_line' id='line_1_43' title="bbox 3320 50 3325 3041; baseline 0 0"><span class='ocrx_word' id='word_1_310' title='bbox 3320 50 3325 3041; x_wconf 95' lang='lat' dir='ltr'><strong> </strong></span> 
     </span>
    </p>
   </div>
   <div class='ocr_carea' id='block_1_8' title="bbox 3320 3188 3325 5359">
    <p class='ocr_par' dir='ltr' id='par_1_15' title="bbox 3320 3188 3325 5359">
     <span class='ocr_line' id='line_1_44' title="bbox 3320 3188 3325 5359; baseline 0 0"><span class='ocrx_word' id='word_1_311' title='bbox 3320 3188 3325 5359; x_wconf 95' lang='lat' dir='ltr'><strong> </strong></span> 
     </span>
    </p>
   </div>
   <div class='ocr_carea' id='block_1_9' title="bbox 3321 3188 3325 5359">
    <p class='ocr_par' dir='ltr' id='par_1_16' title="bbox 3321 3188 3325 5359">
     <span class='ocr_line' id='line_1_45' title="bbox 3321 3188 3325 5359; baseline 0 0"><span class='ocrx_word' id='word_1_312' title='bbox 3321 3188 3325 5359; x_wconf 95' lang='lat' dir='ltr'><strong> </strong></span> 
     </span>
    </p>
   </div>
  </div>
 </body>
</html>
