3325 5392
1727 569 1800 612 12

667 714 768 772 Ita
827 734 922 790 ap.
983 709 1298 790 Aristoph.
1363 713 1526 770 Plut.
1603 732 1623 771 1
1646 729 1761 790 197
1830 732 1956 790 sqq.
2022 711 2393 788 ChremyluS,
2452 718 2521 770 ut
2567 707 2853 772 Πλούτου

670 816 927 870 statuam
971 811 1033 867 in
1079 811 1304 888 templo
1352 811 1618 883 collocet,
1678 832 1857 869 anum
1902 811 2143 869 vascula
2203 811 2307 868 illa
2351 811 2412 868 in
2475 811 2671 888 capite
2717 831 2853 887 por-

667 915 894 968 tantem
941 928 1195 986 pompae
1242 910 1477 986 praeire
1509 909 1692 981 iubet,
1744 929 1918 985 quem
1964 909 2041 966 ad
2088 909 2281 966 locum
2328 909 2649 966 scholiasta
2694 909 2852 985 frag-

669 1012 933 1065 mentum
977 995 1362 1065 ‘Danaidum'
1409 1007 1608 1078 affert,
1675 1007 1835 1084 quod
1880 1007 1957 1064 ad
2004 1028 2171 1066 sacra
2217 1007 2541 1065 domestica
2586 1012 2848 1084 spectat:

1089 1136 1495 1222 μαρτύρομαι
1541 1135 1610 1200 δὲ
1655 1135 1853 1223 Ζηνὸς
1898 1129 2175 1222 Ἑρκείου
2223 1136 2477 1222 χύτρας,

1094 1227 1254 1319 παρ’
1301 1229 1404 1310 αἶς
1451 1229 1484 1298 o‘
1531 1233 1750 1319 βωμὸς
1794 1227 1977 1311 οὗτος
2021 1232 2257 1320 ἱδρύθη
2302 1237 2485 1298 ποτέ.

667 1373 859 1431 Paulo
922 1372 1145 1430 distant
1190 1369 1515 1429 Anticlidis
1564 1377 1847 1448 exegetae
1893 1377 2215 1449 praecepta
2270 1370 2432 1448 apud
2477 1368 2703 1428 Athen.
2754 1369 2855 1428 XI

667 1493 726 1548 p.
759 1487 838 1548 47
849 1469 937 1547 3b
957 1465 1026 1546 ¹),
1061 1475 1261 1528 tamen
1290 1469 1377 1528 ibi
1407 1489 1639 1546 quoque
1670 1470 2061 1552 παγκαρπία
2093 1474 2602 1528 commemoratur.
2654 1467 2852 1541 Quare

671 1570 733 1626 in
793 1569 1138 1627 universum
1200 1567 1556 1626 contendere
1623 1568 1764 1626 licet
1830 1568 1981 1626 hanc
2050 1568 2303 1626 ollarum
2366 1567 2853 1626 sacrificationem

666 1667 995 1726 adhibitam
1053 1687 1179 1725 esse
1233 1665 1552 1744 praecipue
1597 1666 1660 1723 in
1716 1665 1899 1724 sacris
1952 1667 2205 1743 privatis
2253 1665 2732 1743 domesticisque,
2791 1665 2854 1724 id

666 1766 826 1842 quod
871 1786 982 1843 per
1027 1786 1089 1823 se
1134 1771 1350 1823 natura
1393 1765 1482 1822 rei
1525 1765 1684 1822 tulit.

846 1864 963 1923 Sed
1023 1887 1059 1923 a
1119 1864 1232 1921 diis
1293 1863 1538 1921 festinat
1583 1863 1910 1941 disputatio
1973 1863 2048 1921 ad
2102 1864 2388 1934 heroas;
2454 1883 2592 1920 nam
2640 1867 2699 1920 et
2744 1862 2852 1920 hos

664 1963 774 2020 tali
819 1963 994 2021 modo
1057 1962 1248 2021 cultos
1293 1961 1642 2019 invenimus,
1739 1959 1905 2033 Quae
1965 1982 2061 2019 res
2122 1961 2347 2038 optime
2409 1949 2853 2019 demonstratur

663 2061 824 2119 bella
854 2061 1128 2119 vinitoris
1175 2061 1477 2119 cuiusdam
1516 2059 1860 2117 narratione
1906 2081 2001 2136 ap.
2044 2059 2331 2117 Philostr.
2412 2058 2653 2116 Heroic.
2688 2057 2773 2129 II,
2810 2077 2849 2133 4

664 2179 722 2234 p.
781 2175 923 2235 291.
1018 2159 1224 2217 Verba
1269 2160 1412 2217 facit
1456 2158 1558 2216 ille
1606 2157 1680 2215 de
1725 2157 2059 2216 Protesilao
2115 2161 2371 2233 patrono
2419 2177 2557 2214 suo:
2633 2143 2848 2227 Οῧπω,

665 2252 820 2330 ξένε,
855 2258 1202 2338 σιτουμένῳ
1235 2251 1524 2332 ἐνέτυχον
1563 2245 1709 2315 ούδὲ
1740 2256 2011 2316 πίνοντα
2044 2249 2255 2335 ἔγνων.
2337 2255 2567 2314 Καίτοι
2599 2248 2850 2314 σπένδω

664 2372 734 2433 γε
780 2342 955 2434 αύτῶ
1000 2349 1164 2414 κατὰ
1213 2349 1490 2435 ἑσπέραν
1536 2343 1673 2414 ἀπὸ
1733 2351 2002 2414 τουτωνὶ
2046 2350 2173 2412 τῶν
2228 2353 2474 2413 Θασίων
2521 2342 2847 2431 α’μπέλων,

665 2470 740 2522 ας
788 2446 1046 2534 φυτεύει
1108 2443 1316 2526 αύτός,
1381 2450 1491 2512 καὶ
1536 2446 1791 2534 τρωκτὰ
1852 2447 1921 2512 δὲ
1982 2444 2187 2534 ιῦραῖα
2234 2451 2639 2568 προτίθεμαι
2685 2470 2849 2510 κατα

661 2551 1070 2632 μεσημβρίαν,
1135 2545 1398 2611 ἐπειδὰν
1445 2551 1642 2632 θέρος
1702 2569 1772 2610 τε
1819 2541 1936 2632 ήκῃ
1996 2548 2106 2610 καὶ
2149 2546 2531 2629 μετόπωρον
2579 2544 2847 2631 ιστῆται,

665 2643 919 2730 σελήνης
962 2667 1032 2708 τε
1079 2643 1290 2731 ιούσης
1324 2643 1387 2722 ἐς
1417 2645 1644 2708 κύκλον
1691 2667 1755 2708 εν
1800 2645 1879 2728 τῇ
1910 2645 2023 2707 τοῦ
2068 2635 2217 2731 ἦρος
2264 2639 2402 2729 ὥρᾳ
2433 2641 2598 2727 γάλα
2630 2640 2852 2726 ἐγχέας

665 2765 729 2818 ες
773 2738 886 2806 τὸν
935 2743 1230 2828 ψυκτῆρα
1276 2743 1500 2806 τοῦτον
1546 2737 1708 2805 (ιδού
1756 2735 1875 2804 σοι’
1923 2737 2150 2826 λέγωί
2154 2740 2229 2805 τὸ
2277 2742 2390 2827 τῆς
2445 2736 2614 2827 ὥρας
2657 2742 2847 2822 νᾶμα,

665 2859 739 2902 συ
788 2838 856 2902 δὲ
903 2851 1068 2915 πῖνε,
1139 2834 1316 2922 καγιὺ
1375 2839 1492 2921 μὲν
1538 2837 1745 2903 εἰπων
1804 2839 2008 2902 ταῦτα
2072 2831 2589 2920 ἀπαλλάττομαι,
2652 2836 2737 2902 τὰ
2781 2837 2851 2902 δὲ

664 2940 982 3022 βέβρωταί
1025 2960 1095 3000 τε
1141 2938 1250 3000 καὶ
1296 2942 1588 3002 πέποται
1633 2937 1883 3001 θᾶττον
1927 2926 1967 3023 ἢ
2011 2936 2370 3018 καταμύσαι
2394 2935 2465 3017 2).

584 3025 591 3031 ’
842 3036 946 3096 Ad
986 3059 1189 3097 cenam
1222 3061 1456 3118 quoque
1487 3040 1857 3098 vocabantur
1887 3039 2099 3098 heroes
2140 3039 2301 3116 apud
2330 3039 2602 3116 Delphos
2638 3039 2844 3114 (schol.

664 3134 741 3193 ad
785 3133 960 3193 Pind.
995 3135 1164 3196 Nem.
1208 3138 1353 3210 VH,
1407 3118 1534 3214 68),
1583 3137 1867 3196 Dioscuri
1912 3136 2074 3215 apud
2102 3134 2503 3195 Athenienses
2534 3136 2849 3195 Thessalos

644 3232 887 3291 Locros
910 3233 1123 3293 Parios
1148 3231 1584 3310 Agrigentinos
1610 3234 1940 3312 Spartanos
1965 3229 2033 3310 3),
2070 3235 2369 3293 nonnullis
2401 3233 2545 3293 locis
2575 3255 2695 3292 una
2716 3253 2849 3292 cum

665 3329 902 3389 Helena
933 3336 992 3389 et
1022 3331 1304 3390 Hercule.
1384 3331 1544 3390 Huic
1567 3328 1616 3409 4)
1650 3332 1872 3392 Thebis
1913 3331 2320 3392 anniversario
2367 3333 2520 3391 festo
2569 3331 2681 3404 die,
2732 3352 2848 3409 quo

811 3585 854 3652 ¹)
902 3582 1038 3640 Διός
1078 3587 1328 3651 Κτησίου
1366 3598 1566 3652 σημεῖα
1616 3584 1916 3658 ἱδρύεσθαι
1964 3583 2067 3657 χρὴ
2120 3575 2229 3636 ὦδε
2280 3603 2291 3616 ·
2344 3581 2605 3637 καδίσκον
2653 3583 2849 3637 καινόν

663 3662 872 3717 δίωτον
923 3667 1424 3732 ἐπιθηματοῢντα,
1475 3670 1759 3736 στέψαντα
1803 3665 1874 3718 τὰ
1927 3658 2043 3717 ὦτα
2095 3666 2227 3736 ἐρίῳ
2278 3661 2453 3728 λευκῷ
2502 3669 2594 3716 καὶ
2642 3665 2700 3716 ἐκ
2746 3666 2847 3716 τοῦ

665 3742 822 3811 ὤμου
859 3747 960 3796 τοῖ’
1001 3741 1179 3806 δεξιοῦ
1219 3750 1310 3796 καὶ
1353 3747 1415 3801 ἐκ,
1447 3749 1548 3797 τοῦ
1586 3745 1851 3814 μετώπου
1888 3749 1987 3798 τοῦ
2027 3747 2251 3816 κροκίου
2302 3748 2393 3796 καὶ
2430 3746 2687 3797 ἐσθεῖναι
2726 3743 2756 3796 ὅ
2794 3764 2847 3796 τι

663 3825 735 3876 ἂν
784 3824 943 3898 εὕρῃς
991 3831 1083 3878 καὶ
1133 3828 1340 3890 εἰσχέαι
1390 3822 1716 3899 ἀμβροσίαν
1754 3848 1765 3859 ·
1808 3825 1839 3892 ἡ
1894 3823 1938 3877 δ’
1990 3822 2277 3897 ἀμβροσία
2327 3823 2479 3896 ὕδωρ
2532 3821 2855 3896 ἀκραιφνὲς,

661 3903 870 3964 ἔλαιον,
910 3910 1257 3978 παγκαρπία.
1311 3905 1456 3979 ἅπερ
1499 3905 1729 3974 ἔμβαλε.
1774 3939 1832 3946 —-
1886 3906 1977 3960 Ad
2016 3903 2276 3957 καδίσκον
2326 3905 2394 3960 cf.
2433 3905 2678 3974 Hesyeh.
2717 3923 2757 3959 s.
2795 3923 2847 3958 v.

665 3983 913 4038 καδίσκοι
951 4006 964 4018 ·
1005 3983 1215 4044 σιπύαι,
1255 3990 1329 4042 εἰς
1368 3985 1428 4042 ἃς
1464 3985 1535 4038 τοὶ
1575 3984 1696 4058 ἱεροὶ
1735 3987 2018 4039 ἐτίθεσαν.

810 4065 856 4136 ²)
892 4066 1074 4136 Legas
1113 4084 1331 4134 quoque
1358 4067 1568 4136 Hygin.
1607 4067 1713 4119 fab.
1751 4082 1863 4130 104,
1901 4067 2048 4120 unde
2082 4084 2247 4136 poma
2283 4067 2591 4121 Protesilao
2628 4070 2847 4119 mortuo

573 4208 576 4209 ⁷
666 4164 698 4200 a
735 4146 1040 4200 Laodamia
1075 4147 1263 4200 oblata
1299 4165 1415 4201 esse
1450 4146 1752 4215 intellege&

812 4226 858 4294 ³)
895 4225 976 4280 cf.
1015 4225 1299 4292 Deneken,
1337 4222 1438 4280 De‘
1461 4226 1793 4280 Theoxeniis
1830 4245 1881 4294 p.
1920 4244 1953 4292 4
1992 4245 2111 4296 sqq.
2156 4243 2217 4280 12
2255 4245 2336 4296 sq.

808 4305 856 4376 ⁴)
895 4305 1040 4360 Satis
1091 4306 1267 4360 habeo
1315 4307 1582 4360 adnotare
1631 4306 1770 4360 duos
1820 4308 2045 4376 amplos,
2096 4308 2191 4362 sed
2238 4308 2523 4362 mutilatos
2570 4307 2765 4361 titulos
2816 4324 2847 4360 a

662 4386 859 4440 Rossio
902 4387 961 4440 in
1009 4386 1122 4441 Coo
1168 4387 1348 4442 insula
1394 4390 1643 4462 repertos
1703 4389 1761 4442 et
1806 4387 1983 4446 Inscr.
2034 4387 2232 4449 Graec.
2281 4387 2439 4444 Ined.
2500 4386 2595 4444 III
2637 4405 2691 4444 n.
2744 4402 2804 4454 31
2822 4403 2840 4438 1
