3325 5392
1766 557 1846 634 38

711 719 786 780 N.
822 717 1010 792 Vm,
1073 738 1144 796 13
1190 738 1278 795 sq.
1371 719 1446 777 In
1496 719 1839 777 universum
1877 721 2050 778 tanta
2088 718 2366 778 comitate
2407 723 2587 795 atque
2627 718 2893 794 benigni-

711 823 838 877 tate
868 817 1080 876 heroes
1113 822 1300 889 erant,
1336 821 1404 875 ut
1442 817 1511 889 is,
1559 817 1662 894 qui
1694 837 1885 895 prope
1916 817 1994 876 ad
2024 817 2269 876 alicuius
2300 837 2535 876 sacrum
2563 816 2891 911 habitabat,

712 917 788 975 ob
821 936 950 975 eam
979 915 1258 974 viciniam
1289 915 1654 991 singularem
1684 917 1747 973 in
1788 916 2027 974 modum
2059 915 2254 974 herois
2286 915 2585 994 praesidio
2618 937 2747 974 sese
2777 915 2897 974 frui

711 1035 1064 1093 persuasum
1103 1013 1370 1073 haberet.
1465 1010 1562 1072 Sic
1603 1012 1950 1086 Alcmaeon,
1984 1014 2174 1073 ’6111116
2236 1013 2313 1072 ad
2376 1014 2628 1082 heroum·
2690 1015 2897 1073 domus

711 1112 963 1172 Pindari
1009 1112 1126 1171 sita
1174 1116 1329 1184 erat,
1391 1133 1428 1170 a
1476 1116 1659 1189 poeta
1710 1107 1991 1172 κτεάνων
2053 1107 2267 1195 φύλαξ
2328 1105 2497 1190 ἐμῶν
2558 1112 2899 1190 appellatur

713 1210 809 1286 (P.
845 1209 1023 1283 VIII,
1062 1210 1189 1287 58),
1232 1209 1390 1269 unde
1431 1209 1642 1269 heroas
1692 1211 1871 1268 etiam
1911 1211 2148 1269 futuras
2189 1231 2286 1269 res
2327 1210 2679 1288 praevidere
2723 1231 2899 1288 posse

715 1309 1008 1384 sequitur3
1055 1310 1130 1367 cf.
1174 1307 1441 1383 N.‚VII‚
1488 1309 1570 1386 89
1615 1329 1704 1384 sq.

775 1455 793 1473 .
895 1405 1122 1466 Eorum
1158 1408 1346 1483 igitur
1387 1427 1573 1485 opera
1612 1407 1820 1466 civitas
1860 1407 2138 1477 florebat,
2193 1405 2564 1466 excellebant
2602 1408 2784 1479 cives,
2826 1408 2899 1466 iis

719 1504 1093 1564 debebantur
1133 1505 1413 1578 virtutes,
1465 1507 1538 1563 iis
1578 1526 1723 1584 opes
1763 1511 1945 1583 atque
1985 1506 2194 1581 gloria.
2289 1503 2497 1582 Atque
2558 1506 2723 1564 vides
2784 1507 2901 1566 iam

716 1623 786 1662 60
829 1609 1175 1681 provectam
1217 1625 1346 1663 esse
1386 1605 1633 1663 heroum
1676 1604 2116 1675 auctoritatem,
2170 1609 2239 1662 ut
2288 1605 2475 1662 maior
2524 1604 2649 1663 fere
2698 1625 2900 1663 eorum

716 1703 937 1762 auxilio
978 1702 1126 1760 fides
1166 1702 1491 1761 haberetur
1531 1722 1710 1778 quam
1751 1702 2016 1762 deorum.
2109 1701 2187 1760 Id
2227 1701 2387 1778 quod
2426 1706 2550 1760 tam
2596 1704 2901 1780 praeclare

716 1801 964 1860 eximius
1005 1799 1098 1858 vir
1125 1799 1462 1859 Lobeckius
1505 1801 1799 1878 exposuit,
1844 1806 1913 1859 ut
1950 1800 2139 1878 ipsius
2178 1799 2363 1859 verba
2394 1800 2729 1862 describere
2760 1802 2903 1859 mihi

719 1900 896 1959 liceat
958 1897 1438 1977 (Aglaoph211,
1503 1899 1664 1975 1283
1712 1900 1877 1975 sq.):‘
1922 1887 2458 1970 ‘Quemadmodum
2519 1898 2695 1958 hodie
2757 1919 2903 1976 gens

719 1997 1130 2076 superstitioni
1188 1996 1468 2069 obnoxia,
1536 1996 1790 2055 adversa
1839 1996 2141 2072 religioni,
2209 1996 2385 2054 deum
2446 2015 2585 2056 raro
2646 1997 2899 2069 invocat,

687 2094 969 2154 ·Sanctos
1018 2094 1385 2173 saepissime,
1438 2095 1530 2152 his
1581 2115 1644 2153 se
1696 2096 1948 2171 quisque
2005 2095 2068 2151 in
2116 2095 2451 2153 clientelam
2512 2094 2901 2167 commendat,

717 2195 930 2252 horum
971 2193 1270 2270 praesidio
1313 2194 1540 2252 salvum
1581 2214 1643 2252 se
1683 2192 2153 2270 incolumemque
2191 2193 2321 2252 fore
2371 2193 2586 2265 credit,
2638 2194 2906 2270 adaeque

715 2297 947 2352 veteres
1009 2291 1232 2369 pagani
1270 2289 1599 2350 Coelicolas
1658 2291 1871 2368 procul
1932 2312 1969 2349 a
2028 2311 2091 2349 se
2152 2296 2214 2349 et
2262 2290 2533 2349 difficiles
2582 2291 2751 2350 aditu
2788 2293 2907 2351 rati

718 2410 906 2468 genus
971 2390 1268 2466 quoddam
1331 2391 1685 2449 daemonum
1746 2388 2212 2448 introduxerunt
2279 2388 2392 2448 diis
2454 2395 2514 2448 et
2572 2389 2906 2450 hominibus

717 2488 1092 2548 interiectum
1134 2509 1206 2546 ex
1237 2508 1442 2546 eorum
1472 2508 1738 2559 numero,
1786 2487 1890 2563 qui
1927 2487 2249 2562 aliquando
2288 2489 2351 2544 in
2390 2488 2569 2547 terris
2599 2488 2903 2561 vixissent,

721 2607 868 2664 quos
909 2592 1163 2665 propter
1205 2589 1687 2646 communitatem
1728 2592 1895 2646 ortus
1937 2587 2259 2646 commodis
2299 2587 2421 2646 suis
2462 2587 2671 2646 melius
2710 2609 2907 2666 prom-

717 2686 956 2761 tiusque
1007 2686 1396 2744 inservituros
1461 2685 1787 2744 crederent.
1882 2681 2053 2744 Inter
2116 2684 2223 2743 hos
2286 2684 2609 2744 Herculem
2676 2692 2910 2747 constat

718 2788 781 2842 et
810 2783 1140 2841 Dioscuros
1172 2783 1504 2861 principem
1536 2783 1865 2841 obtinuisse
1897 2783 2109 2854 locum,
2156 2803 2408 2859 quorum
2447 2805 2665 2843 numen
2696 2790 2911 2844 cuncta

719 2880 990 2940 adoravit
1029 2877 1302 2954 Graecia3
1359 2881 1463 2939 sed
1511 2881 1678 2940 fuere
1728 2885 2039 2959 praeterea
2086 2881 2259 2939 multi
2298 2881 2686 2959 municipales
2728 2887 2787 2942 et
2823 2884 2908 2940 vi-

722 2979 854 3038 cani
901 2979 1061 3055 genii
1111 2980 1232 3038 suis
1284 2980 1504 3056 quique
1553 2981 1700 3038 locis
1750 2979 2146 3051 venerabiles,
2200 2980 2421 3038 exteris
2471 2980 2665 3055 ignoti
2722 2999 2909 3057 eoque

719 3076 969 3136 notitiae
1009 3082 1249 3138 nostrae
1289 3058 1624 3138 subtracti.'
2398 3133 2416 3150 ,

898 3177 994 3235 Ex
1032 3177 1124 3236 his
1166 3177 1458 3248 omnibus,
1505 3196 1658 3252 quae
1709 3174 1883 3235 modo
1935 3174 2009 3233 de
2058 3179 2359 3252 potestate
2400 3174 2682 3237 heroibus
2722 3177 2908 3237 vindi-

724 3279 858 3333 cata
907 3275 1280 3345 adumbravi,
1337 3293 1438 3331 eos
1490 3274 1655 3331 cultu
1706 3273 1907 3348 aliquo
1961 3270 2283 3331 honoratos
2340 3293 2495 3346 esse,
2553 3275 2695 3334 licet
2746 3278 2911 3336 nulla

723 3372 844 3432 alia
884 3372 958 3431 de
1000 3391 1196 3442 causa,
1241 3391 1418 3447 quam
1457 3374 1524 3428 ut
1572 3371 1823 3447 propitii
1869 3369 2287 3442 redderentur,
2330 3393 2441 3449 per
2480 3393 2609 3432 sese
2656 3379 2906 3452 pateret.

723 3471 934 3547 Neque
973 3475 1175 3529 tamen
1217 3469 1574 3529 coniecturis
1615 3489 1684 3528 ac
1726 3469 2205 3529 conclusionibus
2258 3471 2401 3530 satis
2452 3470 2672 3531 habere
2722 3473 2911 3532 coacti

725 3587 952 3628 sumus:
989 3573 1196 3628 extant
1225 3572 1295 3626 ut
1324 3568 1607 3645 plurima,
1652 3568 1740 3626 ita
1780 3567 2227 3626 accuratissima
2263 3568 2515 3628 Pindari
2552 3570 2907 3641 testimonia,

723 3666 938 3742 quibus
978 3686 1100 3724 non
1139 3667 1330 3726 solum
1369 3666 1624 3725 honores
1665 3667 1739 3724 iis
1782 3665 2015 3725 oblatos
2066 3686 2224 3738 esse,
2282 3666 2387 3726 sed
2446 3667 2624 3728 etiam
2674 3670 2778 3746 qui
2822 3668 2912 3727 illi

721 3763 946 3822 fuerint
983 3764 1258 3836 honores,
1302 3763 1560 3823 dilucide
1601 3764 1951 3842 explicatur.
2536 3815 2543 3828 ,

902 3859 998 3921 Ac
1037 3862 1232 3940 prima
1272 3861 1510 3940 quidem
1557 3863 1771 3922 heroes
1821 3860 2054 3921 colendi
2103 3861 2257 3922 ratio
2304 3862 2370 3920 in
2418 3882 2488 3923 60
2539 3861 2907 3935 versabatur,

725 3958 884 4040 quod
914 3960 988 4020 iis
1017 3959 1264 4020 inferiae
1297 3960 1421 4021 sive
1453 3961 1828 4037 enagismata
1856 3958 2172 4036 quotannis
2205 3963 2266 4018 et
2306 3960 2417 4020 sub
2457 3959 2599 4020 solis
2640 3978 2912 4020 occasum

723 4058 802 4120 ad
841 4059 1118 4138 sepulcra
1157 4064 1260 4118 aut
1300 4059 1656 4137 cenotaphia
1697 4057 2125 4131 offerebantur3
2178 4057 2459 4137 inspicias
2501 4057 2571 4117 O.
2615 4057 2665 4130 I,
2702 4077 2784 4137 93
2820 4079 2909 4135 sq.

724 4157 800 4218 N.
844 4156 993 4230 VH,
1039 4159 1122 4235 46
1155 4177 1246 4234 sq.
1289 4157 1342 4218 Ι.
1385 4157 1506 4230 ΙΠ,
1555 4173 1636 4235 79
1672 4150 1825 4234 sq.¹)

874 4331 918 4400 ¹)
955 4328 1153 4386 Ohlert
1187 4332 1224 4406 1.
1263 4332 1299 4384 1.
1336 4348 1391 4401 p.
1432 4344 1462 4396 7
1501 4347 1639 4399 sqq„
1685 4328 1811 4394 ubi,
1867 4345 2008 4398 quae
2044 4330 2191 4398 apud
2228 4328 2535 4387 Pindarum
2584 4347 2913 4390 commemo·

725 4413 938 4479 rantur,
975 4410 1208 4466 heroum
1245 4410 1497 4485 sepulcra
1532 4413 1591 4465 et
1626 4410 1827 4468 sacella
1862 4408 2123 4468 invenies.
