3325 5392
1466 563 1541 608 21

594 703 788 785 Atqui
835 713 1042 768 extant
1086 708 1149 766 in
1195 729 1282 779 ea,
1332 728 1508 785 quam
1555 689 1989 767 consideraturi
2034 727 2254 778 sumus,
2324 706 2597 766 carminis

415 810 590 884 parte
621 805 886 865 nonnulli
924 827 1148 878 versus,
1200 805 1302 884 qui
1347 807 1600 866 fortasse
1641 805 1863 865 certius
1901 805 2162 865 manium
2204 805 2396 866 cultus
2426 804 2599 864 initia

413 904 674 982 probare
743 903 1053 964 videntur:
1132 925 1232 964 eos
1302 903 1434 964 dico
1452 947 1466 976 ‚
1542 903 1757 981 quibus
1825 909 2005 983 poeta
2070 903 2308 964 Ulixem
2376 908 2598 962 mortu·

415 1023 585 1061 orum
631 1021 842 1078 agmen
887 1001 1262 1062 invocantem
1307 1001 1482 1079 fingit
1529 997 1610 1077 (λ,
1665 1021 1835 1080 29—-
1842 1023 1877 1080 3
1886 1005 1968 1080 5).
2060 1003 2217 1063 Nam
2268 1001 2361 1060 his
2415 1003 2597 1062 versi-

363 1114 378 1122 “
413 1101 525 1159 bus
601 1120 720 1158 non
799 1101 989 1158 solum
1058 1101 1136 1159 ad
1211 1101 1444 1160 foveam
1519 1121 1721 1159 manes
1793 1099 2041 1173 invitat,
2128 1121 2337 1162 verum
2405 1099 2597 1160 denuo

414 1198 594 1257 etiam
659 1196 732 1256 iis
749 1241 764 1270 ‚
835 1204 1154 1278 postquam
1230 1199 1469 1260 domum
1545 1198 1867 1266 reverterit
1883 1242 1898 1271 ‚
1980 1219 2149 1262 sacra
2225 1202 2287 1256 et
2360 1197 2599 1275 quidem

415 1296 640 1356 maiora
707 1317 836 1355 sese
903 1297 1200 1356 facturum
1269 1317 1395 1356 6666
1463 1296 1798 1375 pollicetur.
1914 1297 1991 1356 Id
2057 1296 2296 1375 quidem
2364 1295 2598 1356 omnino

413 1395 660 1467 mirum,
749 1395 910 1473 quod
983 1395 1060 1455 ad
1134 1399 1402 1454 mortuos
1476 1400 1673 1454 mente
1748 1394 2017 1475 privatos
2094 1401 2403 1474 precetur3
2494 1395 2599 1453 sed

413 1493 604 1571 magis
662 1493 1024 1566 mirandum,
1097 1493 1258 1571 quod
1315 1493 1592 1572 precibus
1655 1493 1834 1553 etiam
1895 1499 2037 1553 vota
2096 1493 2295 1553 addat.
2403 1493 2597 1552 Porro

413 1592 518 1652 ubi
569 1592 674 1651 illa
727 1612 920 1663 sacra,
989 1591 1038 1650 si
1103 1612 1170 1650 re
1225 1611 1372 1651 vera
1421 1591 1632 1651 Ulixes
1687 1591 1925 1652 domum
1979 1611 2255 1651 reversus
2310 1613 2381 1650 ea
2436 1589 2593 1662 fecit,

414 1691 618 1751 oblata
661 1709 789 1748 esse
835 1689 1006 1748 nobis
1052 1688 1382 1766 fingemus?
1471 1689 1703 1768 Nempe
1750 1689 1827 1749 ad
1880 1691 2153 1768 sepulcra
2206 1694 2593 1760 mortuorum,

363 1857 366 1860 ⁴
413 1790 581 1849 'velut
625 1787 851 1860 matris,
901 1793 1008 1847 aut
1051 1787 1129 1848 ad
1174 1787 1528 1866 cenotaphia
1569 1787 1644 1846 iis
1692 1792 1982 1860 extructa,
2048 1809 2300 1866 quorum
2344 1807 2599 1864 corpora

413 1887 556 1946 alibi
611 1891 782 1946 erant
841 1886 1086 1946 humata
1143 1885 1321 1962 (sicut
1373 1886 1677 1946 Menelaus
1730 1888 2022 1947 tumulum
2076 1885 2371 1963 congessit
2424 1886 2598 1945 fratri

415 1984 769 2044 miserrimo:
819 1979 876 2056 ὅ,
928 1986 1103 2063 584).
1181 1984 1296 2057 En,
1344 2005 1542 2044 nonne
1581 1985 1766 2044 habes
1798 1984 2066 2056 eundem,
2102 2005 2277 2062 quem
2308 1984 2597 2065 posterio-

412 2083 578 2142 ribus
609 2103 641 2142 e
670 2082 1042 2161 temporibus
1081 2084 1177 2144 vel
1197 2139 1199 2141 ,
1217 2083 1440 2162 optime
1479 2084 1718 2156 novisti,
1753 2083 2013 2142 manium
2044 2083 2305 2144 cultum?
2382 2083 2596 2158 Quam-

412 2203 608 2260 quam,
642 2202 784 2241 num
815 2181 1052 2260 saepius
1093 2181 1344 2242 mortuis
1383 2181 1528 2241 talia
1567 2189 1911 2242 consecrata
1950 2182 2071 2242 sint
2108 2182 2413 2255 sacrificia,
2464 2204 2597 2242 cum

412 2279 593 2340 certis
639 2279 910 2342 evincere
963 2279 1332 2340 documentis
1377 2301 1764 2358 nequeamus,
1822 2302 1899 2340 ne
1952 2279 2125 2340 nimis
2182 2281 2464 2342 audacem
2504 2301 2597 2366 me

411 2380 757 2458 praebeam,
815 2378 878 2438 in
925 2399 994 2438 eo
1049 2366 1328 2451 subsiste,
1386 2385 1456 2438 ut
1509 2380 1673 2457 apud
1717 2378 2048 2439 Homerum
2111 2379 2305 2457 prima
2362 2384 2596 2440 tantum

411 2483 782 2538 mortuorum
827 2475 1132 2554 religionis
1177 2476 1434 2554 vestigia
1476 2476 1735 2537 inveniri
1780 2477 2105 2536 adfirmem.

591 2573 767 2648 Quod
811 2579 1010 2635 autem
1057 2575 1328 2634 manibus
1359 2574 1695 2636 Homericis
1742 2597 1907 2636 mens
1954 2595 2275 2653 sensusque
2313 2596 2595 2652 rogorum

412 2673 663 2734 flatnmis
709 2673 886 2752 plane
933 2673 1289 2746 eximuntur,
1336 2672 1411 2732 iis
1455 2679 1657 2734 tamen
1699 2673 1947 2732 inferiae
1987 2694 2311 2752 precesque
2356 2674 2591 2746 dantur,

412 2774 557 2832 11860
603 2793 746 2832 68116
793 2771 1136 2850 discrepant
1177 2771 1336 2830 inter
1381 2792 1462 2844 se,
1521 2778 1701 2850 atque
1754 2771 1927 2832 facile
1982 2772 2186 2845 fuerit,
2244 2771 2347 2850 qui
2400 2793 2471 2832 ea
2522 2773 2597 2831 de

416 2891 592 2932 causa
647 2875 840 2932 totam
897 2869 1166 2948 necyiam
1225 2869 1658 2950 posterioribus
1719 2870 2089 2949 temporibus
2151 2870 2450 2948 Odysseae
2509 2870 2595 2928 in-

418 2969 702 3032 culcatam
769 2988 896 3026 esse
965 2967 1309 3029 arbitretur.
1406 2965 1497 3028 At
1557 2969 1707 3027 nihil
1765 2970 1875 3028 hac
1936 2969 2274 3028 coniectura
2332 2969 2591 3042 iuvatur,

415 3087 547 3128 cum
610 3065 957 3128 offensiones
1019 3065 1083 3124 in
1145 3066 1403 3126 carmine
1466 3066 1598 3146 ipso
1662 3072 1995 3127 occurrant.
2101 3066 2428 3127 Praeterea
2497 3089 2594 3126 ex-

411 3164 538 3226 titit
581 3185 843 3225 summus
889 3162 1129 3224 criticus
1177 3162 1435 3224 Adolfus
1480 3163 1822 3236 Kirchhoff‚
1889 3164 1991 3242 qui
2036 3166 2113 3226 ad
2158 3165 2595 3244 antiquissimas

415 3261 716 3342 Odysseae
783 3267 988 3341 partes
1054 3261 1322 3338 necyiam
1390 3262 1725 3342 pertinere,
1800 3263 1905 3321 sed
1971 3262 2257 3342 primario
2325 3263 2399 3322 de
2465 3265 2594 3324 loco

409 3361 700 3424 deiectam
771 3381 900 3422 esse
967 3361 1399 3424 demonstravit
1421 3357 1490 3439 1).
1593 3358 1691 3420 Αο
1758 3382 1835 3420 116
1901 3366 2030 3422 tum
2099 3360 2337 3440 quidem
2404 3361 2595 3422 nodus

409 3459 729 3538 expeditur
743 3503 758 3532 ,
816 3481 948 3520 011111
1003 3460 1077 3521 de
1132 3460 1499 3538 singulorum
1544 3480 1826 3520 versuum
1868 3459 2327 3540 interpolatione
2373 3458 2594 3535 cogita·

409 3578 570 3616 mus:
649 3579 787 3618 nam
855 3559 971 3618 alia
1039 3579 1170 3617 cum
1239 3559 1358 3618 alia
1425 3558 1723 3618 sententia
1790 3557 1939 3616 adeo
1956 3600 1971 3630 ,
2042 3562 2112 3618 ut
2180 3556 2412 3634 seiungi
2477 3577 2595 3616 non

408 3655 616 3736 possit,
682 3675 904 3715 conexa
965 3660 1362 3734 contextaque
1424 3661 1541 3728 est,
1606 3655 1671 3714 id
1731 3655 1891 3733 quod
1950 3655 2125 3715 docet
2184 3676 2315 3714 cum
2369 3677 2425 3714 v.
2491 3673 2590 3735 29,

410 3773 527 3831 quo
577 3761 722 3812 'uno
798 3754 1119 3833 eodemque
1196 3775 1375 3837 versu
1449 3775 1567 3813 uno
1638 3752 1806 3831 quasi
1882 3753 2101 3831 spiritu
2175 3754 2249 3812 de
2316 3753 2594 3832 precibus

406 3851 682 3929 votisque
746 3851 823 3911 ad
882 3857 1148 3912 mortuos
1204 3859 1403 3913 mente
1465 3857 1735 3912 carentes
1788 3851 1960 3912 factis
2022 3851 2245 3910 dictum
2300 3857 2407 3924 est,
2465 3857 2595 3911 tum

407 3952 542 4009 tota
596 3949 730 4028 ipsa
791 3949 1018 4026 necyia.
1112 3948 1232 4013 Sed
1291 3950 1354 4009 id
1415 3951 1628 4010 saltem
1688 3969 1929 4008 monere
1982 3949 2147 4022 licet,
2213 3949 2391 4009 etiam
2446 3949 2592 4010 alias

406 4045 470 4104 in
514 4045 769 4106 Homeri
807 4047 1168 4108 carminibus
1214 4048 1538 4108 sententias
1585 4053 1647 4108 et
1693 4047 1931 4125 quidem
1975 4068 2121 4127 prae
2166 4048 2396 4122 ceteris,
2442 4069 2592 4125 quae

409 4144 487 4204 ad
545 4150 814 4205 mortuos
871 4145 1243 4226 pertineant,
1306 4146 1467 4206 inter
1526 4167 1590 4206 se
1651 4145 1985 4206 dissentire.
2088 4143 2211 4220 Sic,
2276 4151 2346 4206 ut
2404 4167 2595 4225 pauca

560 4388 602 4461 ¹)
641 4389 757 4446 Die
792 4389 997 4446 homer.
1045 4387 1322 4463 Odynm‘
1354 4407 1411 4461 p.
1450 4403 1550 4458 ²25
1589 4407 1710 4460 sqq.
