3325 5392
1519 557 1598 618 25

468 699 762 771 honorat?
832 701 970 762 Non
1015 702 1286 778 quilibet,
1341 723 1490 779 quos
1539 703 1697 786 fama
1744 703 2067 762 domestica
2104 702 2389 779 cuiusque
2431 701 2645 779 gentis,

470 799 611 874 quia
650 801 893 876 egregia
931 800 1196 859 fecerant
1235 800 1516 872 facinora,
1558 801 1722 859 ultra
1758 801 2061 861 hominum
2099 805 2375 859 naturam
2414 804 2476 859 et
2512 820 2649 860 con-

468 897 758 958 dicionem
811 904 1061 960 auxerat
1112 904 1293 975 atque
1347 905 1628 959 evexerat
1643 941 1660 973 ,
1726 900 1830 959 sed
1889 901 1933 958 ii
1981 903 2215 960 tantum
2231 941 2248 972 ,
2304 899 2410 974 qui
2476 898 2651 957 bellis

469 1001 678 1056 contra
715 995 949 1056 Thebas
991 1001 1172 1073 atque
1211 996 1454 1058 Troiam
1492 999 1677 1075 gestis
1719 997 2134 1069 interfuerant,
2177 998 2217 1056 i.
2261 1017 2312 1056 e.
2356 997 2462 1074 qui
2500 997 2649 1058 cele·

468 1095 743 1156 berrimis
783 1095 1142 1156 carminibus
1181 1095 1365 1174 epicis
1404 1097 1798 1156 immortalem
1838 1097 2044 1174 adepti
2082 1100 2255 1156 erant
2293 1095 2563 1173 gloriam.

643 1237 860 1315 Itaque
899 1243 968 1296 ut
1007 1238 1208 1297 statim
1247 1238 1640 1311 absolvamus,
1687 1259 1837 1316 quae
1885 1239 1999 1298 huc
2039 1239 2278 1310 faciant,
2330 1241 2650 1314 antequam

468 1336 954 1414 progrediamur,
1015 1357 1108 1408 ea,
1175 1337 1225 1394 si
1288 1336 1462 1408 libet,
1527 1337 1795 1396 breviter
1852 1337 2249 1395 examinemus
2306 1356 2424 1395 car
2436 1336 2645 1409 mina,

469 1454 620 1510 quae
661 1456 692 1493 0
701 1455 741 1509 y
753 1435 814 1494 01
825 1436 846 1492 1
858 1455 889 1494 0
899 1456 935 1495 a
983 1436 1383 1514 appellantur.

645 1576 840 1637 Valde
897 1579 1216 1640 dolendum
1275 1585 1367 1638 est
1421 1582 1545 1636 tam
1603 1599 1797 1658 pauca
1845 1597 2145 1658 parcaque
2194 1578 2533 1654 fragmenta
2582 1581 2651 1635 ut

470 1675 864 1735 Troianarum
912 1678 1000 1740 ita
1045 1677 1297 1738 aliarum
1346 1675 1685 1734 fabularum
1736 1679 1886 1754 cycli
1934 1697 2272 1756 superesse,
2336 1681 2404 1734 ut
2460 1676 2649 1754 magis

467 1771 735 1833 divinare
777 1779 960 1853 atque
998 1775 1266 1834 conicere
1316 1794 1492 1851 quam
1532 1795 1644 1854 pro
1696 1782 1857 1835 certo
1898 1777 2307 1835 demonstrare
2346 1794 2649 1851 cogamur.

464 1871 560 1930 Ex
589 1872 662 1930 iis
695 1873 933 1950 quidem
973 1874 1136 1946 locis,
1179 1873 1284 1932 ubi
1323 1872 1467 1932 viris
1510 1873 1864 1951 quibusdam
1893 1875 2091 1934 herois
2130 1893 2346 1932 nomen
2374 1871 2650 1932 attribui-

464 1975 594 2042 tur,
646 1970 720 2031 de
769 1991 974 2030 eorum
1021 1972 1186 2031 cultu
1233 1971 1318 2030 nil
1366 1970 1568 2049 colligi
1613 1977 1833 2051 potest.
1926 1973 2025 2031 Ita
2071 1971 2242 2032 initio
2289 1969 2650 2052 Cypriorum

466 2089 686 2142 omnes,
723 2069 827 2146 qui
857 2076 994 2129 ante
1015 2069 1258 2129 Troiam
1289 2072 1511 2130 mortui
1540 2075 1698 2143 sunt,
1731 2070 1942 2129 heroes
1972 2076 2394 2150 nuncupantur
2425 2067 2649 2147 (801101.

463 2163 527 2224 A
565 2167 739 2226 Iliad.
793 2168 852 2240 I,
909 2186 944 2248 5
995 2196 1080 2220 =
1127 2169 1244 2246 frg.
1307 2188 1330 2229 1
1389 2168 1701 2241 Welcker,
1751 2168 2023 2246 Kinkel).
2116 2167 2345 2230 Eodem
2392 2170 2652 2231 carmine

463 2264 739 2342 Lynceus
781 2261 1043 2344 κύδιμος
1085 2255 1254 2348 ἥρως
1297 2266 1466 2325 audit
1513 2265 1737 2343 (Schol.
1779 2266 1957 2325 Pind.
1999 2266 2076 2328 N.
2119 2265 2204 2339 X,
2259 2285 2281 2326 1
2304 2284 2379 2343 14
2412 2295 2498 2318 =
2531 2267 2648 2348 frg.

467 2383 505 2442 9
548 2364 646 2422 W.
690 2363 832 2442 K.),
894 2369 963 2424 ut
1012 2363 1075 2422 in
1113 2363 1303 2423 IJiade
1351 2386 1543 2443 parva
1581 2363 1853 2424 Achilles
1893 2363 2116 2441 (Schol.
2159 2361 2273 2424 Ar.
2315 2364 2430 2443 Eq.
2485 2367 2650 2444 1056

464 2491 548 2513 =
582 2464 698 2540 frg.
739 2481 770 2523 2
807 2462 905 2522 W.
938 2462 1052 2540 K.)
1085 2467 1146 2522 et
1173 2462 1492 2540 Polynices
1532 2465 1595 2523 in
1635 2462 1937 2524 Thebaide
1978 2459 2228 2538 (Athen.
2271 2462 2390 2537 XI,
2424 2486 2483 2544 p.
2520 2463 2646 2544 465

465 2589 548 2612 =-—-
597 2562 712 2640 frg.
773 2579 804 2621 2
855 2561 953 2619 W.
1003 2560 1115 2639 K.)
1186 2567 1246 2620 et
1300 2562 1556 2622 fortasse
1610 2562 1833 2621 ibidem
1887 2557 2353 2639 Amphilochus,
2414 2563 2465 2622 si
2519 2583 2653 2622 cum

465 2659 780 2721 Welckero
814 2653 966 2744 (Ep.
1013 2651 1172 2742 Cycl.
1207 2659 1292 2732 H,
1331 2661 1478 2738 346.
1516 2678 1550 2740 5
1561 2663 1670 2740 52)
1703 2679 1911 2722 versus
1962 2660 2180 2740 epicos,
2230 2680 2379 2738 quos
2424 2656 2647 2722 Athen.

465 2755 611 2829 VH,
647 2779 707 2836 p.
747 2776 782 2836 3
799 2776 821 2818 1
837 2773 868 2836 7
886 2778 922 2816 a
967 2757 1248 2831 servavit,
1299 2757 1592 2818 Thebaidi
1635 2759 2037 2820 attribuimus.
2132 2757 2251 2818 Sed
2292 2778 2651 2838 quamquam

461 2856 526 2915 hi
585 2854 792 2914 eodem
861 2875 1038 2918 sensu
1097 2857 1390 2936 appellati
1448 2863 1590 2918 sunt
1635 2863 1818 2936 atque
1862 2859 1924 2916 in
1970 2857 2225 2923 Homeri
2269 2857 2647 2930 carminibus,

459 2960 660 3013 tamen
716 2954 864 3012 alias
922 2953 996 3012 de
1051 2954 1330 3013 heroibus
1385 2957 1712 3015 sententias
1768 2957 2035 3016 extitisse
2076 2961 2313 3016 constat
2358 2977 2391 3016 e
2436 2957 2650 3016 ceteris

463 3053 619 3134 epici
665 3052 834 3129 cycli,
887 3072 1039 3131 quae
1086 3058 1424 3134 supersunt,
1475 3054 1890 3131 fragminibus.

643 3194 856 3270 Neque
901 3195 1058 3254 enim
1101 3215 1303 3255 omnes
1348 3196 1560 3256 heroes
1605 3198 1727 3256 iam
1771 3199 1837 3257 in
1882 3197 2039 3257 Orco
2086 3197 2441 3258 habitabant
2496 3199 2651 3256 sicut
2682 3235 2689 3242 ·

460 3293 623 3370 apud
677 3293 1032 3371 Homerum,
1102 3292 1208 3352 sed
1268 3296 1540 3355 nonnulli
1600 3297 1663 3355 in
1732 3297 2046 3358 beatorum
2098 3296 2324 3355 insulas
2384 3294 2651 3353 traducti

464 3396 638 3451 erant
650 3433 664 3463 ,
725 3391 790 3452 id
845 3390 1006 3469 quod
1059 3391 1350 3469 imprimis
1397 3393 1471 3453 de
1515 3393 1759 3454 Achille
1804 3400 2012 3454 notum
2058 3398 2167 3455 est.
2260 3392 2451 3467 Quem
2510 3397 2651 3472 post

459 3495 712 3552 mortem
751 3511 788 3548 a
827 3494 1018 3548 matre
1064 3488 1317 3549 Thetide
1343 3492 1407 3550 in
1436 3491 1643 3553 Leuca
1686 3494 1880 3553 insula
1926 3494 2281 3552 collocatum
2324 3511 2455 3549 esse
2494 3486 2648 3548 Arc-

459 3588 620 3646 tinus
662 3588 724 3646 in
762 3586 1159 3666 Aethiopide,
1209 3589 1620 3666 antiquissimo
1662 3593 1923 3651 carmine
1964 3592 2208 3667 cyclico,
2255 3588 2431 3648 finxit
2466 3593 2649 3665 atque

459 3685 618 3744 idem
650 3686 1039 3763 Memnonem·
1067 3687 1144 3745 ab
1176 3684 1418 3746 Achille
1457 3694 1735 3747 necatum
1780 3689 1856 3748 ab
1887 3685 2135 3750 Aurora
2177 3692 2369 3747 matre
2412 3688 2649 3746 immor-

459 3785 644 3842 talem
691 3784 914 3843 factum
975 3804 1104 3843 esse
1148 3787 1446 3857 narravit,
1507 3786 1669 3862 quod
1723 3787 1819 3846 vir
1872 3786 2123 3846 eximius
2165 3785 2450 3844 Welcker
2494 3779 2644 3868 (Ep.

469 3875 628 3962 Cycl.
687 3881 781 3954 H,
852 3899 921 3960 17
933 3885 998 3960 5)
1075 3902 1182 3942 suo
1260 3883 1391 3942 iure
1475 3885 1561 3942 ita
1646 3886 1933 3963 explicat,
2015 3888 2084 3942 ut
2160 3883 2533 3942 Memnonem
2586 3883 2650 3941 in

457 3979 652 4038 locum
716 3979 1000 4056 aliquem,
1078 3980 1305 4041 scilicet
1364 3980 1570 4059 Elysio
1637 3983 2023 4054 simillimum,
2092 3981 2196 4040 ubi
2254 3982 2649 4040 immortalem

458 4076 704 4153 degeret
756 4077 958 4149 vitam,
1014 4081 1493 4156 transportatum
1546 4079 1878 4157 intellegat.
1973 4077 2166 4138 Simili
2221 4079 2397 4138 modo
2442 4077 2648 4138 'Mene-

457 4175 619 4234 laum
651 4173 878 4246 Nostis,
928 4173 1280 4234 Diomedem
1313 4175 1616 4236 Thebaide
1663 4179 2030 4238 celebratum
2076 4198 2203 4236 esse
2249 4178 2381 4240 veri
2423 4177 2647 4238 similli-

457 4293 618 4334 mum
685 4271 924 4334 videtur
997 4293 1108 4334 nec
1183 4294 1306 4336 non
1379 4276 1444 4336 in
1508 4274 1715 4338 Nostis
1786 4275 2205 4340 Telemachum
2278 4275 2647 4354 Telegonum

458 4368 824 4454 Penelopam
917 4372 1283 4432 immortales
1376 4373 1569 4436 factos
1667 4394 1794 4436 esse
1870 4372 2193 4436 Kirchhoff
2268 4373 2647 4454 sagacissime
