3325 5392
1784 491 1873 559 18³

727 640 910 712 αὕτὸὶ
954 649 1209 712 πίνουσι
1257 647 1365 712 καὶ
1419 640 1806 728 εὗωχοῦνται
1866 646 1953 711 τὰ
2010 652 2574 734 παρεσκευασμένα
2598 647 2667 730 1).
2713 649 2724 654 ’
2761 651 2913 714 Nam

726 751 870 809 haec
915 751 1101 810 verba
1158 749 1296 818 alio,
1335 751 1509 808 modo
1559 749 1846 827 explicari
1907 770 2027 808 non
2080 756 2349 829 possunt,
2413 749 2530 809 nisi
2586 749 2673 809 ita
2730 751 2915 824 iocari

724 850 1077 926 scriptorem
1121 848 1452 920 statuimuS,
1504 855 1570 907 ut
1614 848 1717 907 illa
1764 848 2005 920 cibaria,
2056 869 2207 926 quae
2252 847 2496 927 proprie
2540 853 2912 908 mortuorum

720 947 782 1004 in
826 968 1000 1006 usum
1035 947 1232 1024 parati
1271 951 1428 1020 sunt,
1473 967 1508 1006 a
1547 947 1939 1007 familiaribus
1970 947 2117 1025 ipsis
2163 947 2391 1007 comedi
2434 947 2612 1006 dicat.
2691 947 2913 1006 Tamen

725 1065 884 1116 cave,
950 1065 1023 1103 ne
1069 1044 1309 1104 nimiam
1353 1043 1617 1104 Luciano
1679 1047 1855 1104 fidem
1903 1051 2007 1105 aut
2060 1046 2171 1104 hoc
2230 1047 2333 1105 aut
2380 1065 2468 1119 e0,
2518 1066 2693 1122 quem
2738 1050 2913 1104 antea

721 1143 1090 1202 laudavimus
1171 1145 1328 1216 loco,
1413 1143 1665 1203 tribuas,
1783 1143 2021 1217 Quanta
2088 1144 2245 1202 enim
2314 1143 2509 1203 cautio
2579 1143 2913 1203 adhibenda

724 1241 802 1299 sit
847 1241 909 1299 in
956 1242 1266 1318 allegando
1297 1242 1406 1300 hoc
1447 1247 1707 1314 auctore,
1751 1242 2033 1320 perfacile
2065 1241 2469 1320 unusquisque
2498 1241 2806 1318 intelleget
2838 1261 2909 1300 ex

724 1333 985 1398 eiusdem
1025 1340 1327 1400 variorum
1369 1339 1694 1418 sepeliendi
1732 1341 2043 1400 modorum
2082 1340 2379 1399 mentione
2428 1339 2549 1416 (De
2580 1341 2745 1398 luctu
2781 1358 2811 1400 2
2830 1341 2905 1416 1).

723 1435 912 1509 Quam
961 1438 1014 1496 si
1057 1439 1217 1516 (11118,
1283 1444 1352 1497 111
1412 1439 1629 1517 probet
1677 1436 1933 1498 Graecos
1995 1439 2421 1499 concremando
2476 1444 2711 1497 tantum
2756 1458 2907 1496 mor-

720 1541 856 1594 tuos
905 1537 1265 1614 sepelivisse,
1317 1535 1605 1608 attulerit,
1657 1543 2026 1615 quantopere
2073 1559 2108 1597 a
2153 1559 2296 1598 vero
2344 1537 2732 1609 aberraverit,
2782 1536 2908 1595 luce

718 1634 934 1694 clarius
984 1641 1090 1694 est.

894 1735 1032 1793 Huc
1099 1732 1399 1812 provectis
1469 1753 1757 1810 quaerere
1824 1734 1990 1806 libet,
2061 1754 2177 1812 quo
2248 1753 2424 1792 causa
2507 1733 2765 1792 deducta
2832 1732 2908 1791 sit

719 1853 1012 1910 quamque
1059 1833 1136 1891 ad
1182 1831 1534 1890 sententiam
1592 1833 2039 1909 pervenerimus
2084 1833 2183 1904 iis,
2249 1852 2399 1910 quae
2446 1833 2730 1891 hactenus
2791 1831 2907 1890 dis-

717 1937 930 2008 putata
977 1936 1134 1990 sunt.
1227 1928 1434 2006 Atque
1482 1929 1544 1988 id
1590 1929 1829 2008 quidem
1874 1932 1936 1989 in
1981 1930 2324 1990 universum
2372 1929 2648 1990 contendi
2706 1934 2907 2007 potest

717 2029 957 2102 cibaria,
1009 2049 1160 2106 quae
1191 2049 1310 2086 non
1358 2029 1907 2102 concremabantur,
1958 2029 2063 2088 sed
2106 2043 2219 2108 pro
2253 2029 2442 2107 epulis
2484 2028 2902 2100 offerebantur,

717 2126 829 2186 diis
893 2127 1128 2205 superis
1191 2126 1425 2185 omnino
1487 2147 1610 2185 non
1673 2127 2003 2188 sacrificata
2064 2149 2209 2186 esse.
2304 2111 2531 2186 Contra
2591 2125 2642 2184 si
2703 2147 2906 2185 eorum

714 2225 926 2282 seriem
978 2223 1459 2303 perlustraveriS,
1523 2245 1671 2301 quos
1718 2225 1825 2284 tali
1885 2227 2059 2285 modo
2120 2226 2443 2285 honoratos
2499 2225 2901 2301 cognovimus,

713 2344 811 2381 eos
859 2343 986 2382 esse
1031 2328 1136 2382 aut
1183 2324 1323 2382 deos
1345 2366 1360 2395 ,
1412 2322 1514 2400 (1111
1560 2323 1759 2400 aliqua
1803 2323 2033 2383 ratione
2090 2325 2443 2384 cohaereant
2498 2343 2631 2381 cum
2676 2323 2901 2396 inferiS,

711 2427 816 2480 aut
853 2422 1075 2480 inferos
1121 2422 1284 2499 ipsos
1332 2421 1685 2498 (χθονίους)
1734 2427 1805 2480 et*
1839 2423 1984 2481 deos
2035 2429 2093 2482 et
2141 2429 2405 2482 mortuos
2452 2426 2556 2480 aut
2600 2426 2902 2499 postremo

710 2521 922 2579 heroas
1012 2520 1310 2598 extemplo
1386 2518 1713 2597 intelleges.
1846 2519 1966 2579 Sed
2050 2521 2194 2598 quid
2277 2521 2415 2579 inde
2502 2519 2574 2578 de
2656 2519 2903 2578 heroum

715 2619 878 2676 cultu
923 2619 1142 2677 lucrati
1187 2616 1433 2676 sumus?
1508 2618 1679 2677 Idem
1727 2620 1887 2696 quod
1934 2641 2006 2677 ex
2054 2619 2482 2696 enagismatum
2530 2617 2669 2677 ritu.
2748 2619 2902 2679 Nam

713 2735 785 2772 ex
831 2715 922 2788 118,
991 2730 1142 2793 quae
1199 2736 1382 2793 supra
1443 2716 1516 2774 (10
1571 2716 1681 2775 1100
1741 2716 1987 2775 heroum
2054 2717 2433 2776 colendorum
2480 2717 2604 2775 ritu
2650 2716 2902 2794 protuli-

710 2833 840 2870 mus
859 2855 873 2884 ,
941 2813 1198 2872 efficitur
1216 2857 1230 2886 ,
1295 2814 1508 2872 heroas
1571 2814 1775 2875 eadem
1836 2813 2067 2873 ratione
2127 2816 2450 2874 honoratos
2522 2835 2648 2873 esse
2722 2820 2900 2891 atque

707 2911 959 2984 inferos;
1012 2931 1204 2988 neque
1237 2911 1398 2971 aliud
1440 2911 1763 2988 quidquam
1812 2933 1842 2971 e
1890 2913 2133 2991 dapium
2178 2911 2619 2972 consecratione
2668 2912 2897 2970 elucere

704 3009 820 3067 iam
869 3009 1041 3068 facile
1087 3030 1198 3087 per
1245 3031 1306 3069 se
1354 3010 1602 3089 quisque
1650 3011 1949 3087 cognovit.

887 3107 1018 3181 Quo
1066 3109 1239 3166 modo
1287 3130 1419 3167 cum
1467 3107 1844 3167 manifestum
1894 3110 2113 3168 factum
2162 3107 2241 3167 sit
2284 3107 2654 3167 intercedere
2700 3127 2907 3166 neces-.

705 3205 1022 3265 situdinem
1093 3211 1152 3264 et
1222 3206 1460 3282 quidem
1530 3227 1815 3265 summam
1885 3206 2041 3264 inter
2108 3207 2321 3265 heroas
2388 3211 2567 3284 atque
2651 3205 2893 3277 inferos,

621 3350 625 3357 ,
706 3304 900 3363 desint
946 3309 1144 3362 autem
1192 3303 1386 3362 omnia
1432 3303 1705 3380 vestigia,
1761 3304 1977 3380 quibus
2022 3306 2234 3364 heroas
2258 3300 2307 3383 2)
2356 3304 2561 3363 eodem
2608 3304 2783 3362 modo
2830 3323 2897 3361 ac

703 3402 844 3460 deos
892 3421 1144 3479 superos
1193 3403 1382 3460 cultos
1431 3422 1558 3460 esse
1616 3403 2087 3476 demonstretur,
2151 3403 2289 3462 inde
2352 3423 2480 3461 eam
2542 3401 2894 3460 sententiam

707 3501 783 3558 ad
844 3499 1081 3559 irritum
1143 3500 1450 3559 redactam
1493 3521 1621 3559 esse
1680 3501 1904 3579 optimo
1964 3501 2093 3560 iure
2149 3501 2409 3577 colligas,
2468 3521 2645 3579 quam
2692 3500 2891 3559 adum-

701 3597 902 3658 bravit
947 3597 1136 3674 magis
1185 3619 1361 3675 quam
1407 3599 1838 3659 demonstravit
1896 3599 2108 3659 abhinc
2155 3597 2489 3677 quindecim
2536 3600 2662 3658 fere
2709 3618 2893 3657 annos

851 3844 894 3912 ¹)
931 3842 1012 3897 Of.
1053 3843 1387 3915 (Socratem)
1426 3861 1511 3914 ap.
1552 3843 1705 3900 Stob.
1738 3844 1889 3900 Flor.
1926 3844 2088 3911 XVI,
2129 3859 2225 3911 27:
2284 3843 2339 3896 Ὁ
2375 3847 2494 3896 τῶν
2531 3841 2892 3918 φιλαργύρων

697 3927 822 3990 βίος
863 3925 1007 3976 ἔοικε
1057 3928 1254 3997 ’νεκροῦ
1297 3923 1506 3990 δείπνῳ
1545 3945 1556 3958 ·
1599 3923 1789 3977 πάντα
1838 3923 1947 3996 γὰρ
1996 3927 2141 3990 ἔχων
2189 3922 2293 3976 τόν
2343 3921 2892 3998 εὖφρανθησόμενον

705 4000 803 4054 οὐκ
840 4005 867 4054 ἔ
902 4024 966 4056 ει.

842 4024 899 4163 ’ζ
935 4093 1081 4148 Nam
1128 4095 1185 4160 ii,
1236 4095 1331 4164 qui
1379 4095 1546 4148 etiam
1595 4094 1653 4147 in
1703 4093 1932 4147 deorum
1981 4111 2210 4149 numero
2261 4095 2689 4161 collocabantur,
2746 4095 2891 4148 sicut

696 4172 968 4228 Hercules
1019 4175 1141 4241 alii,
1192 4192 1307 4229 non
1355 4175 1532 4244 magis
1584 4174 1652 4227 ad
1692 4191 1791 4227 nos
1836 4192 2001 4242 quam
2036 4193 2146 4230 vox
2186 4174 2354 4228 θύειν
2391 4176 2753 4246 indiligenter
2786 4193 2889 4245 pro

690 4256 1267 4390 {zzzc‘ggggsurpata
1305 4255 1536 4323 similia3
1587 4255 1774 4324 agitur
1810 4258 2029 4309 tantum
2068 4257 2137 4310 de
2176 4257 2258 4322 iis,
2298 4257 2393 4338 qui
2431 4257 2655 4326 proprie
2692 4256 2887 4309 heroes
