3325 5392
1547 493 1628 555 29

499 641 610 710 est,
661 637 859 696 facere
899 658 1020 698 non
1059 657 1390 716 possumus,
1433 637 1578 714 quin
1619 637 1693 696 iis
1732 635 2081 715 religionem
2118 636 2379 714 aliquam
2418 637 2679 696 oblatam

500 755 628 794 esse
658 741 1007 809 statuamus,
1044 757 1176 796 cum
1214 733 1494 808 Graecos,
1540 755 1658 811 qua
1700 756 1935 815 semper
1982 741 2154 795 erant
2200 735 2427 814 pietate
2472 742 2535 795 et
2572 737 2679 794 im-

499 836 710 913 primis
738 834 1155 897 vetustissimis
1191 834 1582 912 temporibus,
1617 854 1741 906 eos,
1782 854 1931 911 quos
1971 835 2130 893 ultra
2159 834 2477 894 humanam
2508 839 2678 894 natu-

498 955 628 994 ram
665 939 976 1007 auxerant,
1020 953 1140 992 non
1183 932 1432 992 coluisse
1471 932 1727 1010 cogitari
1766 932 2005 992 omnino
2044 953 2163 992 non
2207 933 2416 1011 possit.

675 1041 816 1100 Huc
863 1040 1096 1100 accedit
1149 1039 1330 1099 aliud.
1423 1035 1703 1098 Alteram
1751 1040 1998 1099 heroum
2046 1044 2281 1117 partem
2329 1039 2489 1098 bello
2528 1040 2679 1098 occi·-

497 1140 654 1200 disse
695 1140 902 1216 itaque
941 1138 1019 1198 ad
1057 1138 1280 1196 inferos
1320 1135 1721 1210 descendisse,
1776 1139 2027 1198 alteram
2074 1138 2137 1195 in
2176 1138 2489 1197 beatorum
2528 1138 2678 1196 sedi-

498 1239 609 1298 bus
651 1239 1000 1298 collocatam
1041 1256 1170 1296 esse
1208 1236 1510 1296 Hesiodus
1549 1241 1786 1308 narrat,
1833 1235 1993 1312 quod
2031 1235 2347 1294 discrimen
2376 1236 2679 1296 Homerus

497 1357 617 1396 non
653 1337 850 1409 novit,
904 1340 1203 1395 noverunt
1252 1336 1514 1393 carmina
1548 1336 1796 1411 cyclica.
1888 1333 2064 1394 Unde
2103 1353 2453 1412 persuasum
2490 1335 2681 1393 habeo

498 1436 672 1508 hunc,
727 1455 904 1511 quem
952 1433 1115 1512 apud
1153 1433 1486 1492 Hesiodum
1535 1434 1608 1491 de
1655 1433 1939 1492 heroibus
1988 1431 2257 1508 legimus,
2308 1434 2505 1492 locum
2550 1438 2680 1492 tum

499 1534 734 1593 demum
773 1538 973 1592 ortum
1013 1551 1162 1603 esse,
1205 1551 1338 1590 cum
1377 1531 1496 1589 illis
1538 1531 1899 1590 carminibus
1936 1530 2183 1589 heroum
2216 1531 2588 1606 quorundam
2618 1533 2681 1590 in

497 1629 702 1708 Elysio
744 1630 1058 1690 collocatio
1099 1630 1400 1688 celebrata
1441 1636 1614 1689 esset.
1680 1627 2057 1705 Quamquam
2096 1627 2252 1686 enim
2282 1630 2505 1690 certius
2536 1628 2681 1706 quid

498 1730 574 1788 de
604 1730 817 1790 horum
847 1728 1101 1788 Hesiodi
1138 1749 1417 1788 versuum
1457 1733 1656 1787 aetate
1686 1733 1951 1787 statuere
1989 1745 2111 1785 non
2147 1726 2305 1798 licet,
2348 1733 2547 1786 tamen
2588 1747 2675 1800 eo,

495 1828 658 1904 quod
707 1833 886 1905 poeta
943 1827 1094 1886 adeo
1151 1827 1489 1886 summatim
1545 1827 1654 1886 hos
1714 1826 1929 1885 heroas
1986 1825 2218 1896 laudat,
2288 1830 2359 1884 ut
2412 1811 2512 1899 iis,
2577 1826 2681 1903 qui

496 1925 793 1998 audirent,
837 1946 1028 2003 aeque
1068 1927 1198 1984 noti
1235 1924 1463 1984 fuerint
1501 1945 1654 2004 opus
1686 1925 1766 1984 sit
1794 1930 1976 2001 atque
2006 1923 2249 1982 omnino
2276 1923 2438 1982 bella
2464 1923 2681 1983 Troica

495 2024 918 2101 Thebanaque,
963 2023 1090 2082 sine
1129 2025 1251 2082 ulla
1291 2023 1664 2083 dubitatione
1696 2022 1898 2100 colligi
1928 2028 2131 2100 potest
2159 2021 2397 2082 aliunde
2426 2023 2680 2082 divitum

493 2123 823 2182 insularum
861 2124 1086 2182 incolas
1125 2123 1473 2181 innotuisse.
1537 2120 1715 2195 Quod
1746 2121 2103 2181 carminibus
2136 2121 2375 2198 cyclicis
2408 2122 2679 2181 effectum

495 2241 624 2280 esse
662 2221 934 2300 proxime
974 2220 1052 2279 ad
1090 2220 1219 2280 veri
1266 2219 1716 2279 similitudinem
1755 2220 2037 2279 accedere
2074 2219 2369 2280 neminem
2406 2221 2616 2298 fugiet.

671 2335 831 2410 Quid
871 2342 1070 2396 autem
1120 2336 1194 2394 de
1241 2335 1455 2394 horum
1494 2335 1750 2394 Hesiodi
1798 2340 1859 2395 et
1908 2334 2267 2410 cyclicorum
2315 2336 2679 2396 felicissimo·

495 2455 628 2494 rum
665 2434 914 2494 heroum
957 2435 1122 2494 cultu
1158 2433 1591 2493 iudicabimus?
1679 2433 1997 2512 Religione
2038 2433 2278 2511 quidem
2326 2434 2529 2512 aliqua
2578 2453 2679 2494 eos

496 2532 819 2593 honoratos
861 2533 1063 2606 fuisse,
1109 2533 1214 2592 sed
1242 2552 1364 2591 non
1394 2538 1464 2591 ut
1492 2533 1701 2591 beatos
1731 2531 1925 2610 Elysii
1952 2533 2195 2605 incolas,
2239 2551 2447 2592 verum
2477 2533 2679 2612 potius

497 2636 566 2689 ut
604 2631 962 2691 excellentes
1002 2632 1332 2704 defunctos,
1385 2632 1504 2690 iam
1545 2652 1618 2690 ex
1656 2630 1749 2703 iis,
1794 2649 1946 2708 quae
1988 2631 2060 2690 de
2090 2630 2331 2690 Achille
2370 2649 2555 2709 supra
2593 2631 2679 2689 di·

497 2729 707 2802 ximus,
746 2729 965 2790 evadit.
1031 2727 1164 2804 Qua
1203 2729 1277 2788 de
1310 2749 1488 2790 causa
1528 2731 1682 2789 hanc
1724 2729 1798 2788 de
1836 2729 2041 2810 Elysio
2082 2729 2436 2788 sententiam
2475 2734 2679 2815 poeta·

492 2847 643 2900 rum,
685 2848 808 2887 non
846 2823 1056 2908 populi
1099 2829 1281 2888 fuisse
1322 2847 1443 2886 non
1479 2828 1703 2887 insulse
1743 2827 2196 2906 suspicabimur.
2268 2827 2425 2888 Nam
2462 2829 2679 2906 vulgus

493 2945 627 2985 cum
663 2945 866 2986 omnes
896 2927 1126 3000 heroas,
1173 2927 1317 3003 quin
1356 2926 1536 2984 etiam
1577 2945 1697 2998 eos,
1742 2945 1996 3002 quorum
2032 2926 2271 2984 beatam
2300 2926 2362 2984 in
2392 2925 2680 2987 divitibus

491 3023 700 3083 insulis
759 3023 947 3084 vitam
1004 3030 1220 3104 poetae
1273 3024 1712 3084 iucundissimis
1769 3023 2137 3082 ornamentis
2192 3023 2679 3104 fulgentibusque

489 3121 810 3180 luminibus
849 3122 1273 3201 depinxerant,
1315 3141 1505 3199 usque
1547 3141 1784 3199 quaque
1824 3121 1901 3182 ad
1950 3121 2225 3200 sepulcra
2274 3122 2524 3195 coleret,
2578 3143 2679 3183 eos

490 3239 610 3280 non
649 3221 862 3298 procul
898 3241 937 3280 a
976 3221 1268 3300 sepulcris
1307 3221 1596 3281 distantes
1645 3220 1925 3281 habuerit
1974 3224 2234 3297 oportet.
2327 3216 2419 3280 At
2467 3227 2679 3300 poetas

489 3319 672 3377 talem
714 3319 1055 3397 opinionem
1103 3339 1354 3398 prorsus
1391 3325 1756 3379 commentos
1797 3337 1924 3378 esse
1963 3317 2346 3396 putabimus?
2433 3319 2678 3378 Minime

495 3417 759 3494 quiderm
805 3399 910 3476 sed
954 3419 1058 3495 qui
1097 3418 1359 3477 carmina
1399 3419 1507 3477 illa
1543 3422 1903 3496 punxerunt,
1946 3415 2011 3475 id
2054 3421 2290 3476 tantum
2328 3419 2679 3497 pronuntia-

489 3514 638 3574 bant
669 3521 730 3574 et
759 3516 1222 3594 amplificabant,
1267 3517 1429 3593 quod
1466 3517 1784 3576 obscurum
1823 3515 2169 3595 populoque
2206 3515 2343 3594 ipso
2378 3516 2679 3576 nesciente

488 3612 552 3671 in
593 3614 720 3673 eius
767 3615 977 3674 animis
1015 3614 1268 3673 iacebat.
1365 3613 1540 3688 Quod
1581 3615 1737 3674 enim
1775 3616 2019 3692 vulgus,
2074 3613 2299 3692 quippe
2348 3613 2509 3692 quod
2558 3634 2677 3673 om-

489 3709 630 3769 nino
653 3717 920 3771 mortuos
943 3713 1155 3791 procul
1179 3712 1544 3771 occidentem
1565 3731 1773 3772 versus
1794 3711 2069 3772 habitare
2099 3712 2422 3790 putaverit,
2457 3713 2681 3772 ibidem

488 3806 702 3868 heroas
764 3810 1172 3883 collocaverit,
1238 3829 1339 3869 eos
1400 3815 1628 3882 autem,
1695 3829 1829 3868 cum
1888 3811 2157 3870 viventes
2220 3812 2495 3889 egregios
2550 3831 2683 3870 sese

489 3907 958 3986 praestitissent,
1023 3909 1204 3968 etiam
1264 3913 1404 3987 post
1463 3914 1717 3967 mortem
1778 3906 1963 3968 vitam
2024 3909 2388 3986 singularem
2436 3915 2496 3969 et
2549 3911 2677 3988 qui·

489 4004 624 4064 dem
683 4005 1082 4065 felicissimam
1134 4007 1338 4068 vivere
1391 4006 1751 4066 arbitratum
1814 4005 1916 4080 sit,
1982 4025 2105 4066 non
2166 4025 2309 4066 sane
2374 4014 2491 4082 est,
2558 4027 2677 4086 quo

489 4103 791 4164 miremur.
870 4104 1063 4179 Quam
1095 4105 1436 4183 opinionem
1467 4104 1825 4164 certioribus
1858 4110 1918 4163 et
1948 4105 2421 4165 distinctioribus
2460 4107 2676 4166 finibus

489 4209 704 4282 poetae
745 4203 1335 4263 circumscribebant:
1379 4203 1593 4264 heroas
1633 4203 1905 4265 viventes
1944 4204 2029 4262 ibi
2062 4205 2450 4277 collocabant,
2485 4205 2677 4263 locum

490 4301 915 4381 depingebant,
967 4303 1154 4363 vitam
1201 4301 1596 4376 exornabant3
1655 4301 1850 4362 cultus
1901 4308 2102 4362 autem
2150 4303 2501 4382 sepulcralis
2548 4323 2678 4394 esse
