3325 5392
1544 517 1616 576 13

478 661 602 721 eius
649 659 854 720 liberis
908 658 1159 718 inferiae
1205 658 1635 730 offerebantur,
1703 659 1909 736 epulas
1957 664 2201 736 paratas
2248 677 2375 717 esse
2419 655 2669 715 Pindari

476 759 662 820 verba
709 758 924 818 docent
970 757 1205 834 (Isthm.
1256 757 1376 829 HI,
1432 775 1510 835 79
1561 760 1750 835 sqq.):

634 879 730 965 τῷ
774 878 892 962 μὲν
936 871 1261 965 Ἀλεκτρᾶν
1307 873 1594 963 ’ὕπερθεν
1640 876 1829 941 δαῖτα
1877 876 2293 964 πορσύνοντες
2340 870 2521 942 ἇστοὶ

634 979 744 1042 καὶ
789 975 1108 1058 νεόδματα
1149 975 1628 1063 ,στεφανώματα
1674 975 1909 1058 βωμῶν
1956 967 2228 1058 αὔξομεν

636 1073 894 1161 ἔμπυρα
942 1075 1304 1160 χαλκοαρᾶν
1349 1067 1517 1137 ὀκτώ
1566 1072 1922 1153 θανόντων,

637 1171 786 1249 τοὺς
830 1170 1098 1258 Μεγάρα
1141 1177 1285 1236 τέκε
1331 1171 1390 1235 οἱ
1437 1172 1763 1256 Κρειοντὶς
1806 1171 1979 1249 υἱοὺς
2028 1195 2042 1210 ·
2091 1173 2225 1236 κτλ.

483 1310 765 1390 Fortasse
811 1308 989 1368 etiam
1035 1307 1311 1368 heroinas
1349 1307 1678 1370 Thebaicas
1724 1305 1993 1366 Semelen
2040 1309 2288 1367 Inonem
2320 1305 2669 1368 Alcmenam

484 1408 562 1468 ad
605 1407 781 1466 xenia
835 1411 1076 1466 vocatas
1124 1426 1252 1464 esse
1296 1406 1434 1464 inde
1481 1406 1949 1464 concludendum
1996 1412 2111 1478 est,
2171 1409 2330 1484 quod
2373 1408 2671 1468 Pindarus

482 1527 579 1565 eas
633 1505 939 1576 invitavit,
1004 1509 1072 1563 ut
1133 1503 1196 1562 in
1243 1502 1548 1582 Apollinis
1600 1506 1892 1582 templum
1945 1504 2219 1563 venirent
2271 1506 2671 1584 victoriaeque

486 1603 876 1663 celebrandae
914 1601 1273 1661 interessent
1313 1602 1518 1678 (Pyth.
1554 1601 1673 1674 XI,
1721 1620 1743 1662 1
1786 1605 1962 1680 sqq.).
2028 1600 2092 1659 Si
2129 1602 2317 1680 igitur
2354 1605 2672 1664 memoriae

487 1702 767 1779 proditur
811 1699 1082 1760 Rhodios
1128 1699 1446 1758 Harmodii
1491 1697 2046 1777 Aristogitonisque
2106 1707 2334 1761 statuas
2382 1703 2565 1762 sacris
2610 1703 2672 1762 in

488 1782 904 1877 pulvinaribus
951 1799 1288 1870 collocasse,
1339 1818 1439 1857 eos
1486 1799 1663 1857 etiam
1703 1819 1934 1857 mensas
1982 1798 2235 1876 dapibus
2282 1807 2522 1860 ornatas
2568 1823 2671 1880 ap-

489 1897 759 1976 posuisse
804 1917 925 1955 non
971 1901 1080 1968 est,
1131 1896 1292 1973 quod
1337 1880 1737 1955 demonstrem
1761 1891 1829 1973 1).
1923 1897 2132 1974 Neque
2178 1896 2341 1956 aliud
2395 1898 2539 1975 quid
2600 1899 2673 1957 de

491 1995 679 2055 Aiace
725 1995 800 2054 ab
846 1993 1320 2053 Atheniensibus
1367 1993 1718 2053 lectisternii
1764 1994 1989 2053 honore
2035 1995 2243 2054 affecto
2292 1997 2672 2055 statuendum

486 2100 576 2158 est
599 2089 667 2171 2).
749 2092 924 2166 Quod
956 2094 1029 2152 de
1070 2092 1162 2150 his
1193 2093 1371 2165 valet,
1421 2091 1485 2151 id
1516 2091 1676 2152 cadit
1707 2091 1885 2151 etiam
1930 2092 1992 2149 in
2039 2112 2241 2152 omnes
2287 2094 2519 2167 heroas,
2569 2094 2672 2172 qui

485 2192 677 2251 xeniis
724 2192 1101 2264 colebantur;
1169 2211 1343 2250 versa
1403 2196 1602 2249 autem
1655 2189 1810 2263 vice,
1875 2190 1927 2249 si
1972 2196 2342 2252 mortuorum
2404 2191 2536 2269 quis
2596 2193 2674 2251 ad

485 2290 661 2349 xenia
707 2289 1052 2361 vocabatur,
1103 2293 1172 2347 ut
1217 2289 1518 2348 Homerus
1564 2286 1757 2366 Argis
1778 2283 1847 2366 ²³),
1899 2308 2032 2347 eum
2077 2289 2153 2348 ab
2200 2289 2537 2349 hominibus
2584 2290 2672 2348 in-

484 2388 816 2448 vitantibus
864 2407 975 2465 pro
1038 2387 1218 2445 heroe
1280 2386 1550 2445 habitum
1597 2407 1725 2446 esse
1783 2386 1922 2446 inde
1984 2386 2229 2464 colligas
2274 2409 2513 2448 necesse
2560 2395 2669 2448 est.

488 2487 689 2546 Etiam
735 2488 982 2545 heroum
1028 2484 1315 2563 reliquiiS,
1380 2506 1512 2544 cum
1558 2485 1925 2558 colebantur,
1982 2485 2206 2544 cibaria
2251 2487 2673 2546 consecraban-

485 2591 605 2644 tur.
701 2584 878 2658 Quod
923 2605 955 2643 e
998 2583 1332 2643 Pausaniae
1379 2583 1489 2659 (II,
1543 2601 1645 2659 40,
1699 2583 1763 2660 6)
1812 2583 1885 2642 de
1922 2581 2388 2660 Agamemnonis
2435 2589 2671 2662 sceptro

488 2684 936 2743 narratiuncula
966 2683 1262 2742 discimus.
1343 2681 1788 2741 Chaeronenses
1820 2681 1976 2740 enim
2013 2703 2146 2741 cum
2192 2687 2492 2759 sceptrum
2521 2681 2674 2741 illud

487 2781 749 2841 omnium
780 2781 1026 2841 deorum
1061 2780 1495 2840 sanctissimum
1527 2780 1836 2852 haberent,
1880 2779 2144 2858 quotidie
2176 2779 2233 2838 ei
2261 2779 2673 2840 sacrificabant

488 2900 748 2940 mensam
815 2900 1043 2939 sacram
1105 2879 1287 2939 variis
1347 2878 1494 2938 cibis
1555 2878 1904 2956 implentes:
1984 2876 2095 2939 καὶ
2148 2873 2208 2938 οἱ
2262 2879 2494 2939 θυσίαι
2551 2867 2673 2939 ἆνὰ

489 3123 695 3193 publici
743 3123 878 3178 iuris
928 3124 1117 3190 factos,
1164 3124 1224 3177 in
1269 3121 1468 3192 quibus
1516 3122 1856 3184 lectisternia
1890 3121 2125 3177 Herculi
2170 3125 2366 3192 parata
2409 3123 2672 3178 exhiben-

489 3211 609 3258 tur:
648 3204 716 3259 cf.
756 3205 820 3271 B,
863 3219 922 3257 21

1444 3282 1614 3339 θύειν
1651 3282 1712 3336 δὲ
1749 3281 2111 3350 ἑκκαιδεκάτᾳ

1160 3365 1364 3438 μ]ηνός
1401 3362 1814 3435 Πεταγειτνῦου
1851 3363 1969 3435 xasa

1162 3446 1266 3499 τὸν
1303 3444 1565 3515 ξενισμὸν
1602 3459 1788 3498 ποιεῖν
1824 3448 1907 3509 τῷ

1158 3525 1232 3578 ‘H
1220 3528 1254 3598 J
1258 3525 1463 3601 ρακλετ.

487 3614 744 3670 Fortasse
779 3616 888 3670 huc
938 3619 1190 3685 spectant
1234 3615 1549 3685 anaglypha
1597 3618 1654 3668 et
1702 3633 1957 3670 nummus
1972 3657 1985 3684 ,
2033 3615 2102 3669 de
2138 3615 2337 3685 quibus
2374 3615 2676 3686 disputavit

487 3695 755 3751 Deneken
792 3698 828 3751 1.
867 3714 912 3750 c.
950 3715 1004 3766 p.
1046 3711 1110 3764 32
1150 3714 1195 3752 c.
1234 3699 1348 3750 not.
1389 3711 1436 3749 2.

636 3777 679 3846 ¹)
717 3775 802 3832 cf.
842 3777 1032 3833 Valer.
1069 3777 1216 3831 Max.
1267 3776 1347 3843 H,
1403 3791 1483 3842 ιο,
1541 3790 1583 3829 1.
1633 3778 1771 3829 ext.:
1816 3773 2133 3830 ‘Harmodii
2182 3779 2239 3829 et
2278 3775 2675 3846 Aristogitonis

490 3856 785 3927 ..effigies
821 3874 1055 3911 aeneas.
1086 3857 1390 3912 ..Rhodii
1429 3897 1442 3912 .
1482 3855 1608 3909 urbi
1643 3871 1776 3909 suae
1808 3857 2080 3926 adpulsas,
2117 3874 2243 3911 cum
2280 3855 2339 3909 in
2373 3855 2676 3925 hospitium

490 3936 708 4006 publice
744 3937 1087 4003 invitassent,
1126 3939 1294 3993 sacris
1332 3937 1500 3991 etiam
1535 3936 1594 3989 in
1629 3936 2012 4005 pulvinaribus
2050 3938 2492 3991 conlocaverunt.
2491 3933 2506 3952 ²

635 4017 681 4088 9)
719 4017 790 4073 V.
823 4017 1004 4072 Schol.
1043 4018 1204 4073 Pind.
1231 4017 1389 4072 Nem.
1428 4009 1509 4083 II,
1557 4033 1645 4084 19:
1740 4058 1753 4070 .
1792 4015 1880 4069 ὅτι
1919 4015 2009 4068 διὰ
2046 4020 2210 4084 τιμῆς
2247 4010 2387 4088 ἦγον
2424 4021 2479 4069 οἱ
2512 4013 2674 4083 Ἀθη-

489 4111 643 4150 ναῖοι
690 4097 795 4151 τὸν
833 4101 1072 4158 Αἴαντα,
1110 4119 1184 4154 ως
1223 4138 1235 4150 .
1275 4136 1288 4151 .
1329 4138 1340 4149 .
1380 4119 1473 4150 και
1516 4095 1712 4164 κλίνην
1762 4094 1915 4161 αὐτῷ
1952 4095 2094 4165 μετὰ
2144 4095 2457 4152 πανοπλίας
2509 4118 2674 4149 κατα-

491 4193 738 4247 κοσμεῖν.

640 4261 684 4330 a)
723 4261 803 4315 Cf.
841 4260 966 4314 Ael.
994 4259 1063 4315 V.
1102 4259 1177 4314 Η.
1215 4257 1320 4326 ΙΧ,
1368 4273 1458 4326 15:
1498 4261 1805 4313 Ποιοῦντες
1840 4255 1899 4309 δὲ·
1937 4259 2149 4311 θυσίαν
2185 4259 2323 4330 (scil.
2351 4262 2403 4310 οι
2425 4255 2679 4332 Ἀργεῖοι)

492 4342 585 4393 ἐπὶ
623 4342 774 4402 ξένια
813 4338 1048 4394 ἐκάλουν
1082 4338 1187 4392 τὸν
1219 4336 1538 4392 Ἀπόλλωνα
1575 4343 1670 4390 καὶ
1698 4337 1962 4413 Ὅμηρον.
