3325 5392
1486 540 1561 599 41

433 686 612 744 etiam
649 685 860 744 heroas
899 684 1135 744 habitos
1175 683 1376 756 fuisse,
1419 683 1773 761 praesertim
1813 703 1945 744 cum
1986 682 2309 760 mythicum
2350 683 2615 750 condite-

429 803 556 842 rem
605 782 922 860 excipiant.
1017 779 1124 842 Sin
1172 787 1370 842 autem
1417 781 1531 841 hoc
1577 801 1786 840 verum
1835 802 1965 840 esse
2014 781 2091 840 ob
2140 781 2325 842 verba
2376 781 2616 864 χθονίᾳ
2709 841 2713 844 ,

433 877 618 964 φρενὶ
674 880 790 938 tibi
843 900 963 939 non
1008 879 1422 959 persuadebis,
1475 879 1538 940 id
1584 883 1785 938 tamen
1834 879 2121 940 concedes
2169 880 2279 938 hos
2326 883 2611 952 mortuos,

431 998 564 1038 cum
604 978 729 1038 divi
765 977 988 1038 fuerint
1025 998 1246 1050 manes,
1289 977 1616 1037 honoribus
1657 978 1968 1043 decoratos
2009 978 2209 1038 fuisse.

608 1077 777 1136 Haec
808 1076 1064 1154 quidem,
1100 1096 1460 1153 quamquam
1491 1081 1632 1136 sunt
1661 1076 1877 1147 omnia,
1923 1097 2075 1153 quae
2114 1075 2452 1136 huiusmodi
2478 1097 2616 1154 pro-

431 1177 726 1248 ferantur,
784 1179 984 1242 tamen
1023 1175 1354 1246 sufficiunt,
1397 1181 1467 1234 ut
1501 1175 1821 1256 intellegas
1861 1179 2129 1234 mortuos
2167 1177 2285 1234 iam
2325 1195 2447 1237 non
2486 1195 2617 1236 esse

431 1263 707 1356 ἀμενηνὰ
779 1269 1018 1357 κάρηνα
1033 1319 1052 1345 ,
1131 1273 1237 1332 sed
1300 1294 1508 1332 curare
1570 1273 1875 1332 hominum
1934 1273 2311 1332 familiarium
2372 1277 2617 1346 sortem,

431 1371 711 1449 quocirca
759 1371 834 1430 iis
889 1373 1083 1431 cultus
1137 1371 1215 1430 ad
1266 1373 1448 1430 ritum
1502 1371 1797 1450 quendam
1850 1371 2191 1431 moderatus
2236 1371 2474 1431 oblatus
2514 1371 2611 1431 sit.

433 1468 566 1542 Qua
603 1470 668 1526 in
706 1490 773 1528 re
813 1470 1166 1548 explicanda
1205 1471 1442 1528 silentio
1482 1471 1860 1548 praetermisi
1906 1475 1968 1529 et
2014 1471 2151 1529 illas
2188 1469 2439 1530 Pindari
2486 1490 2617 1529 sen·

428 1567 667 1640 tentiae,
727 1587 880 1644 quae
931 1568 1008 1626 de
1051 1568 1356 1627 hominum
1395 1573 1501 1630 aut
1540 1569 1699 1628 bona
1736 1573 1842 1630 aut
1878 1569 2053 1640 mala,
2099 1587 2277 1644 quam
2314 1572 2455 1645 post
2492 1568 2619 1628 fata

431 1666 671 1742 degant,
723 1666 848 1726 vita
892 1686 1012 1724 non
1065 1667 1247 1726 semel
1299 1666 1712 1744 imprimisque
1765 1667 1828 1725 in
1880 1667 2230 1726 threnorum
2266 1667 2617 1742 fragmentis

349 1816 357 1824 .
429 1763 833 1844 inveniuntur,
879 1769 939 1822 et
975 1764 1110 1822 illas
1151 1763 1229 1822 ad
1259 1764 1817 1842 metempsychosin,
1862 1786 2013 1842 quae
2049 1764 2370 1842 pertinent.
2434 1764 2617 1838 ‘Nam

429 1861 542 1920 hae
581 1862 815 1939 positae
854 1862 919 1919 in
959 1881 1046 1933 e0‚
1092 1862 1253 1939 quod
1292 1861 1596 1921 hominum
1635 1883 1731 1921 res
1770 1863 1868 1922 hic
1912 1867 2117 1940 gestae
2163 1864 2228 1921 in
2266 1864 2457 1923 altera
2493 1863 2619 1922 vita

430 1964 534 2020 aut
593 1959 874 2038 praemiis
937 1965 1042 2019 aut
1110 1961 1320 2038 poenis
1389 1960 1542 2019 solvi
1609 1960 2005 2038 putabantur,
2080 1961 2249 2021 cuius
2319 1961 2617 2039 opinionis

431 2059 702 2136 exempla
759 2058 878 2116 iam
938 2059 1000 2117 in
1041 2059 1377 2117 novissimis
1418 2057 1721 2134 Odysseae
1762 2059 2033 2138 partibus
2076 2059 2343 2118 exhiberi
2382 2063 2476 2118 sat
2513 2079 2615 2120 no*

427 2162 558 2215 tum
627 2161 742 2228 est,
827 2157 950 2215 sive
1029 2156 1318 2234 originem
1386 2161 1703 2216 traxerunt
1772 2178 1803 2215 e
1886 2157 2139 2234 mystica
2220 2156 2615 2236 Orphicorum

428 2255 718 2332 religione
757 2255 883 2314 sive
922 2276 955 2313 e
993 2254 1392 2333 philosophis,
1447 2255 1669 2332 optime
1709 2254 1948 2334 quidem
1987 2255 2231 2328 docent,
2276 2260 2501 2332 quanta
2538 2255 2621 2316 sit

428 2353 860 2412 ‘sententiarum
924 2353 1002 2412 ad
1065 2357 1332 2413 mortuos
1397 2354 1796 2431 spectantium
1861 2355 2113 2414 mutatio
2160 2353 2299 2415 inde
2350 2353 2427 2415 ab
2468 2354 2617 2414 anti*

430 2452 730 2528 quissimis
768 2471 960 2527 usque
999 2451 1076 2511 ad
1113 2451 1365 2510 Pindari
1401 2455 1675 2528 tempora
1692 2448 1762 2528 ¹),
1804 2458 2005 2511 tamen
2044 2452 2122 2511 ad
2159 2453 2356 2530 ipsum
2396 2455 2617 2512 mortu*

431 2570 598 2608 orum
639 2551 865 2610 cultum
903 2549 1446 2626 recognoscendum
1485 2549 1634 2608 nihil
1673 2552 1893 2610 valent.

607 2647 871 2707 Pindaro
913 2668 1096 2706 unum
1135 2651 1370 2708 tantum
1407 2653 1648 2726 poetam
1688 2649 2069 2725 subiungam,
2124 2668 2257 2708 cum
2297 2649 2353 2708 ei
2392 2653 2617 2710 certum

430 2745 728 2822 quoddam
772 2746 1017 2805 heroum
1067 2745 1372 2822 religionis
1419 2746 1825 2805 testimonium
1868 2746 2183 2818 debemus,
2234 2745 2616 2822 Bacchyliv

429 2843 597 2902 dem.
689 2843 844 2904 Nam
883 2832 1232 2907 Athenaeus
1265 2843 1403 2918 (VI,
1450 2861 1571 2904 100
1601 2845 1641 2903 b
1676 2873 1761 2899 ===
1792 2845 1907 2922 frg.
1947 2845 2054 2921 28)
2096 2849 2337 2923 poetam
2366 2844 2617 2906 Dionen-

429 2962 528 3001 ros
569 2943 646 3002 ad
685 2943 860 3002 xenia
896 2942 1248 3003 invitantem
1287 2942 1396 3002 hos
1438 2963 1644 3002 versus
1685 2944 1968 3021 panxisse
2006 2947 2215 3009 auctor
2244 2947 2380 3004 -estz

529 3082 612 3161 Οὐ
657 3089 826 3180 βοῶν
871 3089 1145 3176 πάρεστι
1191 3082 1456 3172 σώματ’,
1506 3083 1652 3154 οὔτε
1698 3090 1941 3177 χρυσός,
1990 3083 2134 3154 οὔτε
2180 3090 2539 3180 πορφύρεοι

1186 3187 1488 3278 τάπητες,
1538 3181 1703 3257 ἀλλὰ
1748 3186 1967 3271 θυμὸς
2012 3180 2271 3276 εὐμενής

523 3285 746 3350 Μοῦσά
791 3309 860 3351 τε
905 3285 1160 3371 γλυκεῖα
1184 3287 1313 3366 ,καὶ
1358 3290 1763 3353 Βοιωτίοισιν
1808 3284 1874 3352 ἐν
1919 3285 2253 3377 σκύφοισιν
2294 3279 2465 3370 οἶνος

1807 3378 1974 3472 ἡδύς,

431 3539 538 3597 ubi
585 3540 659 3604 de
707 3541 1089 3602 lectisterniis
1139 3541 1259 3606 illis
1307 3541 1588 3601 heroibus
1637 3543 1946 3620 apparatis
1995 3541 2218 3600 dictum
2268 3559 2397 3598 esse
2436 3538 2619 3602 mani·-

433 3638 651 3696 festum
684 3633 852 3716 0212).
947 3639 1023 3698 In
1052 3645 1402 3705 transcursu
1434 3659 1644 3703 moneo
1678 3639 2101 3717 Bacchylidem
2129 3638 2373 3697 finxisse
2402 3635 2620 3695 Miner·-

431 3755 565 3794 vam
605 3735 874 3813 Tydeum
913 3737 1306 3796 immortalem
1345 3737 1715 3797 reddituram
1756 3738 1941 3796 fuisse
1980 3731 2119 3814 (frg.
2168 3738 2295 3814 54).

609 3843 694 3925 lis
737 3847 954 3917 autem,
1000 3865 1153 3922 quae
1202 3845 1275 3904 de
1315 3848 1685 3905 mortuorum
1727 3827 1893 3903 cultu
1934 3843 2319 3922 cognevimus
2331 3885 2344 3914 ,
2399 3842 2622 3920 optime

432 3942 654 4000 factum
696 3946 811 4014 est,
855 3947 925 4003 ut
963 3943 1188 4002 auxilio
1231 3947 1328 4002 eat
1366 3943 1634 4002 titulus
1676 3942 2125 4018 antiquissimus
2166 3942 2228 4000 in
2268 3939 2391 4000 Oea
2426 3940 2623 3999 insula

429 4043 706 4116 repertus
769 4045 1140 4118 postremum
1203 4041 1506 4101 a·Rch1io
1557 4040 1753 4106 editus
1794 4041 1871 4118 (Ι.
1918 4039 1996 4108 A.
2041 4037 2144 4100 Gr.
2189 4060 2246 4102 n.
2294 4040 2475 4116 395),
2519 4037 2623 4116 qui

583 4285 626 4353 ι)
662 4285 904 4352 Lobeck,
941 4285 1219 4356 Aglaoph.
1259 4284 1305 4351 I,
1348 4289 1448 4351 316
1485 4285 1580 4340 fin.

581 4363 627 4442 ς’)
664 4364 948 4436 Deneken,
985 4365 1072 4422 De
1109 4364 1387 4423 Theoxen.
1424 4384 1479 4444 p.
1516 4369 1566 4422 8.
