3325 5392
1734 575 1814 621 10

853 709 1032 800 Ἐρμ
1045 715 1086 799 ᾗ
1147 739 1382 796 quoque
1429 725 1490 778 et
1549 720 1789 797 quidem
1848 725 1918 779 ut
1976 721 2169 778 infero
2229 720 2341 777 deo
2402 720 2609 797 epulas
2656 717 2862 796 parari

679 819 793 877 iam
861 840 896 875 e
963 816 1340 895 Theopompi
1408 819 1536 876 loco
1607 839 1791 896 supra
1866 819 2047 876 allato
2114 823 2485 895 compertum
2554 817 2855 875 habemus.

676 916 1002 975 Praeterea
1045 917 1141 974 die
1179 916 1330 974 festo
1359 915 1745 992 Chytrorum,
1797 917 1899 992 qui
1930 922 2196 987 vocatur,
2240 915 2639 975 Athenienses
2685 921 2859 992 grato

678 1015 872 1073 animo
919 1015 1222 1074 recordati
1264 1035 1327 1072 se
1373 1035 1406 1072 e
1437 1035 1665 1073 summa
1708 1015 1814 1072 illa
1842 1019 2141 1073 terrarum
2172 1014 2558 1074 inundatione
2593 1019 2861 1072 servatos

677 1133 804 1171 esse
847 1118 1029 1188 atque
1074 1117 1340 1170 mortuos
1387 1113 1709 1171 familiares
1756 1112 2065 1182 Mercurii,
2130 1113 2458 1171 animarum
2505 1113 2699 1183 ducis,
2762 1131 2860 1170 cu·

677 1232 778 1268 rae
825 1210 1300 1268 commendantes
1347 1210 1522 1268 deum
1569 1211 1704 1268 ollis
1736 1211 2037 1270 variorum
2084 1210 2351 1270 ciborum
2385 1210 2577 1288 plenis
2623 1211 2862 1288 placare

678 1309 966 1368 solebant.
1047 1306 1201 1366 Vide
1233 1307 1602 1385 Theopomp.
1654 1328 1751 1384 ap.
1802 1308 1984 1366 schol.
2035 1305 2147 1366 Ar.
2197 1308 2352 1366 Rau.
2407 1326 2439 1368 2
2459 1309 2566 1367 18·
2620 1309 2861 1367 Διασω-

678 1406 918 1478 θέντας
971 1391 1081 1466 οὖν
1137 1426 1287 1479 τους
1345 1396 1769 1488 ἀνθρώπους,
1832 1394 2001 1523 ᾗπερ
2046 1400 2413 1522 ἐθάρρησαν
2474 1398 2709 1488 ἡμέρᾳ,
2771 1425 2843 1484 τι
2836 1402 2862 1462 ἶ

677 1501 909 1586 ταύτης
937 1493 1209 1583 ὀνόματι
1239 1502 1748 1587 προσαγορεῦσαι
1780 1501 1892 1564 καὶ
1918 1499 2037 1588 τὴν
2068 1499 2287 1586 ἑορτὴν
2319 1521 2599 1564 απασαν.
2634 1497 2863 1564 ἔπειτα

679 1596 866 1662 θύειν
911 1591 1128 1675 αὐτοῖς
1186 1596 1346 1674 ἔθος
1391 1596 1604 1679 έχουσι
1662 1599 1791 1662 τῶν
1849 1598 1967 1681 μὲν
2011 1591 2375 1681 Ὀλυμπίων
2420 1598 2599 1662 θεῶν
2658 1621 2731 1661 ου
2713 1591 2864 1661 ἶνόειὶ

679 1695 754 1760 τὸ
797 1695 1143 1782 παράπαν,
1206 1689 1404 1782 Ἑρμῇ
1449 1694 1519 1760 δὲ
1565 1701 1836 1782 χθονίῳ,
1896 1698 2005 1761 καὶ
2050 1697 2162 1782 τῆς
2208 1696 2462 1783 χύτρας,
2512 1689 2587 1782 ἣν
2632 1693 2864 1781 ε’ψουσι

682 1793 922 1872 πάντες
965 1793 1027 1858 οἱ
1072 1792 1237 1858 κατὰ
1279 1792 1398 1880 τὴν
1429 1793 1642 1870 πόλιν,
1692 1787 1898 1871 οὕόεὶς
1929 1793 2181 1879 γεύεται
2226 1795 2353 1859 τῶν
2392 1793 2627 1880 ἱερέων.
2676 1793 2864 1858 τοῦτο

680 1892 749 1957 δὲ
795 1893 1054 1957 ποιοῦσι
1105 1893 1186 1978 τῇ
1231 1888 1458 1979 ἡμέρᾳ,
1523 1894 1633 1957 καὶ
1691 1891 1841 1969 τοὺς
1899 1892 2045 1957 τότε
2092 1897 2641 1979 παραγενομένους
2700 1887 2865 1976 ὑπὲρ

684 1993 814 2055 τῶν
873 1983 1346 2056 ἀποθανόντων
1409 1989 1766 2056 ἱλάσασθαι
1824 1989 1937 2055 τὸν
1993 1984 2245 2077 Ἑρμῆν.
2346 1994 2436 2054 cf.
2500 1994 2683 2052 schol.
2749 1991 2860 2052 Ar.

685 2090 952 2152 Acharn.
1014 2094 1176 2171 1076
1201 2088 1270 2170 ¹).
1351 2092 1514 2166 Quas
1561 2095 1711 2152 ollas
1757 2093 1854 2152 dei
1898 2094 2130 2166 statuis,
2180 2114 2331 2171 quae
2375 2092 2453 2152 ad
2496 2092 2704 2152 domos
2750 2092 2865 2150 col-

680 2193 910 2250 locatae
943 2197 1132 2264 erant,
1175 2192 1482 2278 appositas
1531 2211 1658 2251 esse
1689 2191 2009 2250 verisimile
2053 2192 2122 2250 fit
2158 2213 2191 2250 e
2232 2192 2419 2251 schol.
2468 2190 2546 2250 ad
2575 2187 2687 2248 Ar.
2720 2189 2861 2248 Pac.

683 2309 762 2367 92
776 2309 846 2350 2:
897 2282 1058 2362 έθος
1100 2279 1272 2366 εἶχον
1303 2278 1537 2371 Ἑρμᾶς
1584 2283 1902 2371 ἱδρύοντες
1946 2283 2077 2371 πρὸ
2122 2286 2251 2350 τῶν
2280 2285 2502 2370 θυρῶν
2547 2285 2657 2348 καὶ
2700 2273 2865 2348 ἄλλα

684 2381 828 2447 τινὰ
874 2376 1216 2468 αγάλματα
1248 2383 1431 2460 θεοῦ,
1479 2380 1646 2470 ὖπὲρ
1691 2385 1804 2449 τοῦ
1849 2381 1938 2470 μὴ
1972 2382 2299 2468 βραδύνειν
2344 2380 2528 2468 παρὰ
2570 2379 2687 2468 τὴν
2717 2374 2865 2445 ανά-

683 2502 918 2558 στασιν,
976 2481 1238 2568 χύτραις
1283 2475 1547 2567 αθάρας
1591 2480 1931 2566 ἱδρύεσθαι
1984 2483 2094 2545 καὶ
2154 2476 2372 2558 αλλοις
2424 2484 2606 2556 τισίν,
2662 2503 2866 2560 quam-

685 2605 861 2662 quam
907 2584 993 2642 ibi
1035 2583 1111 2642 de
1158 2585 1285 2643 sola
1331 2584 1701 2643 dedicatione
1747 2585 1971 2643 dictum
2016 2587 2125 2642 est.

857 2699 1046 2758 Haud
1077 2719 1244 2758 secus
1283 2721 1412 2758 sese
1443 2700 1667 2759 habent
1704 2720 1876 2758 sacra
1907 2695 2294 2760 Πλούτωνι
2333 2699 2553 2770 oblata,
2599 2698 2671 2754 de
2700 2696 2866 2754 cuius

684 2799 1064 2857 lectisterniis
1109 2798 1390 2876 inspicias
1428 2799 1638 2856 titulos
1684 2819 1721 2857 a
1760 2797 2032 2856 Kohlero
2073 2796 2281 2856 Herm.
2326 2795 2421 2856 VI
2458 2817 2520 2874 p.
2576 2795 2694 2854 106
2734 2814 2863 2870 sqq.

686 2896 894 2955 editos.
988 2894 1172 2955 Cuius
1217 2897 1307 2955 rei
1367 2896 1761 2956 certissimum
1802 2895 2211 2956 testimonium
2266 2894 2531 2954 invenies
2586 2893 2649 2950 in
2693 2891 2867 2950 Euri-

682 2994 839 3072 pidis
901 2994 1079 3071 frgm.
1141 3011 1258 3071 103
1307 3015 1402 3073 ap.
1453 2992 1636 3053 Olem.
1688 2990 1867 3052 Alex.
1918 2991 2137 3052 Strom.
2187 2993 2266 3064 V,
2327 3009 2420 3064 10,
2476 3007 2576 3069 70.
2628 3011 2687 3068 p.
2742 2989 2865 3065 248

681 3089 848 3169 Sylb.

1111 3206 1212 3270 σοὶ
1254 3205 1348 3289 τῷ
1393 3203 1657 3268 πάντων
1701 3201 1990 3285 μεδέοντι
2034 3199 2191 3288 χοὴν

1109 3301 1390 3366 πελανόν
1434 3324 1504 3365 τε
1551 3305 1751 3389 φέρω,
1799 3298 1957 3378 Ζεὺς
2000 3291 2118 3364 εἴτ’
2162 3291 2369 3385 Ἀΐδης

1111 3393 1579 3482 ὀνομαζόμενος
1624 3403 1902 3487 στέργεις
1950 3421 1965 3437 ·
2014 3397 2087 3463 σὺ
2134 3397 2207 3462 δέ
2247 3421 2359 3481 μοι

684 3660 851 3710 noctu
905 3657 1118 3711 oblatas
1165 3655 1422 3725 Aeschyl.
1473 3655 1709 3712 Eumen.
1774 3660 1868 3709 108
1920 3674 2001 3726 sq.
2058 3659 2479 3721 commemorat,
2536 3671 2868 3723 quamquam

686 3736 815 3791 inde
863 3736 1234 3806 colligendum
1283 3735 1506 3791 videtur
1551 3736 1648 3790 illa
1705 3735 1915 3792 cibaria
1963 3730 2356 3806 ἐναγισμάτων
2404 3735 2620 3788 ratione
2667 3732 2869 3788 sacrifi·

685 3819 810 3870 cata
845 3833 977 3871 esse.

835 3913 876 3981 ¹)
912 3912 1178 3967 Libenter
1212 3913 1411 3967 horum
1449 3915 1695 3969 locorum
1726 3914 2149 3982 explicationem
2186 3913 2506 3982 amplector,
2544 3930 2711 3981 quam
2746 3930 2870 3981 pro-

685 3993 817 4047 tulit
844 4011 896 4048 v.
929 3993 981 4048 d.
1009 3992 1332 4060 Mommsen,
1360 3993 1717 4066 Heortoloqie
1746 4011 1799 4063 p.
1829 3997 1958 4058 366:
1998 3993 2240 4062 primum
2272 4009 2302 4046 e
2327 3992 2687 4062 Theopompi,
2722 3993 2871 4061 quod

687 4076 841 4127 extat
863 4073 922 4126 in
951 4073 1074 4128 cod.
1099 4073 1152 4127 G
1177 4073 1302 4142 (Ar.
1328 4073 1517 4128 scholl.
1544 4093 1596 4142 p.
1627 4087 1654 4140 5
1670 4076 1729 4126 18
1758 4071 2032 4141 Diibner),
2069 4071 2382 4141 fragmento
2406 4073 2551 4126 mele
2588 4070 2871 4126 intellecto

687 4152 996 4207 derivatum
1033 4171 1150 4208 esse
1185 4153 1355 4207 schol.
1391 4153 1492 4208 Ar.
1519 4153 1662 4208 Ran.
1704 4155 1823 4217 218,
1861 4157 1981 4206 tum
2006 4152 2147 4206 Ach.
2191 4157 2340 4219 1076.
2380 4184 2443 4192 -
2484 4151 2647 4206 Unde
2684 4155 2871 4205 autem

685 4251 772 4286 vv.
820 4232 912 4287 dd.
959 4232 1401 4303 Pape·Benseler
1444 4232 1803 4301 (Onomastic.
1850 4251 1892 4285 s.
1940 4251 1989 4286 v.
2031 4229 2273 4304 Χύτροι)
2328 4231 2655 4301 collegerint
2703 4230 2871 4284 ollam

591 4353 604 4360 ,
685 4313 917 4366 solemni
964 4329 1168 4382 pompa
1213 4329 1315 4382 per
1359 4313 1554 4367 urbem
1601 4316 1880 4382 portatam
1918 4329 2051 4380 esse,
2098 4329 2203 4382 ego
2250 4311 2473 4384 quidem
2522 4328 2613 4366 me
2661 4309 2873 4368 nescire

684 4391 966 4463 profiteor.
