3325 5392
1541 549 1622 613 45

417 764 422 769 ‚
489 680 950 756 deducebantur.
1045 693 1194 754 Cum
1257 687 1458 754 autem
1517 689 1592 753 de
1653 696 1953 776 prioribus
2015 692 2135 756 illis
2186 673 2383 757 tribus
2430 693 2676 758 heroum

488 795 810 872 generibus
859 795 1006 854 satis
1045 798 1242 853 actum
1283 795 1591 868 videatur,
1637 814 1731 854 me
1772 795 1973 856 statim
2013 795 2090 854 ad
2130 795 2503 855 sacerdotum
2544 815 2675 872 gre·

488 913 622 970 gem
665 899 1027 965 convertam,
1073 911 1252 971 quam
1291 893 1370 951 sis
1409 893 1526 952 iam
1570 893 2054 953 examinabimus,

665 1000 934 1058 Primum
987 999 1050 1058 id
1103 999 1246 1057 mihi
1299 1003 1509 1059 notare
1563 1001 1740 1059 liceat
1792 1021 1912 1060 non
1952 1019 2171 1080 paucos
2214 1017 2345 1060 esse
2381 995 2675 1078 mythicos

487 1099 700 1158 heroas
713 1142 727 1171 ‚
787 1099 890 1176 qui
945 1117 1303 1175 quamquam
1359 1103 1463 1156 aut
1518 1099 1882 1176 singularem
1935 1101 1999 1157 in
2054 1099 2293 1158 modum
2348 1105 2453 1158 aut
2497 1101 2677 1178 primi

487 1217 704 1256 numen
743 1195 986 1273 aliquod
1026 1196 1278 1254 coluisse
1315 1196 1703 1272 putabantur,
1738 1217 1858 1255 non
1889 1196 2023 1256 ideo
2054 1198 2209 1256 inter
2226 1197 2451 1257 ‘heroas
2482 1193 2675 1258 locum

486 1295 811 1368 habebant,
873 1293 978 1353 sed
1019 1295 1158 1370 quia
1197 1311 1308 1371 pro
1347 1299 1478 1354 tota
1516 1295 1716 1354 indole
1756 1300 1935 1372 atque
1976 1301 2193 1354 natura
2232 1292 2476 1355 semidei
2514 1293 2675 1358 vide-

486 1394 723 1452 bantur.

455 1479 459 1489 ’
662 1497 1005 1559 Memineris
1054 1500 1208 1557 tales
1252 1499 1370 1558 iam
1416 1499 1478 1557 in
1531 1499 1886 1558 fabularum
1924 1500 2305 1574 collectionis,
2358 1519 2509 1579 quae
2563 1503 2673 1562 sub

485 1595 717 1675 Hygini
755 1599 990 1657 nomine
1044 1597 1255 1670 fertur,
1315 1598 1510 1674 capite
1549 1595 1860 1670 OOXXV,
1904 1597 2065 1675 quod
2104 1599 2475 1659 inscribitur:
2532 1590 2675 1674 ‘Qui

483 1697 664 1774 primi
713 1697 940 1774 templa
991 1695 1238 1755 deorum
1302 1684 1780 1768 constituerunt',
1846 1697 2203 1774 compositos
2265 1716 2413 1758 esse.
2522 1697 2675 1758 Sunt

484 1799 682 1852 autem
729 1794 914 1853 verba
971 1793 1141 1853 haec:
1203 1783 1458 1852 ‘Aedem
1497 1791 1632 1853 Iovi
1672 1792 1951 1872 Olympio
1989 1795 2251 1872 primum
2290 1796 2431 1855 fecit·
2470 1795 2672 1858 Pelas—

483 1913 596 1969 gus
636 1893 896 1971 Triopae
935 1893 1094 1952 filius
1141 1893 1204 1950 in
1244 1891 1530 1951 Arcadia.
1624 1891 1947 1952 Thessalus
2000 1894 2289 1972 templum
2346 1895 2528 1973 [quod
2582 1901 2673 1955 est

481 1993 544 2050 in
583 1990 956 2068 Macedonia]
975 1987 1025 2068 ¹)
1056 1989 1220 2050 Iovis
1253 1988 1568 2048 Dodonaei
1604 1991 1668 2048 in
1706 1993 1871 2049 terra
1901 1989 2315 2051 Molossorum.
2380 1991 2673 2054 Eleuther-

481 2088 709 2167 primus
751 2085 1131 2148 simulacrum
1160 2085 1369 2147 Liberi
1397 2087 1590 2166 pat-ris
1614 2087 1645 2121 *
1661 2087 1693 2122 *
1725 2089 2035 2146 constituit
2076 2094 2135 2146 et
2175 2091 2670 2168 quemadmodum

481 2187 596 2246 coli
636 2187 881 2247 deberet
921 2184 1202 2245 ostendit.
1295 2185 1648 2245 Phoroneus
1689 2182 1900 2244 Inachi
1946 2185 2103 2246 filius
2152 2190 2442 2268 templum
2480 2189 2671 2268 Argis

479 2286 698 2346 Iunoni
748 2286 978 2364 primus
1033 2285 1191 2342 fecit.
1287 2283 1472 2342 Otrea
1509 2282 1786 2342 Amazon
1824 2285 2038 2344 Martis
2085 2287 2342 2346 coniunx
2380 2288 2669 2367 templum

481 2381 713 2444 Dianae
752 2381 979 2461 Ephesi
1018 2381 1213 2461 prima
1252 2383 1411 2456 fecit,
1457 2379 1614 2458 quod
1658 2388 1871 2460 postea
1910 2383 1956 2461 ἦ·
1995 2403 2031 2442 a
2069 2403 2213 2462 rege
2253 2387 2665 2446 restituerunt.

479 2481 724 2559 Lycaon
776 2481 1022 2558 Pelasgi
1067 2480 1226 2540 filius
1265 2479 1557 2558 templum
1605 2479 1903 2540 Mercurio
1961 2479 2231 2559 Cyllenio
2286 2485 2349 2542 in
2404 2482 2669 2545 Arcadia

483 2580 639 2638 fecit.
755 2576 969 2638 Pierus
1005 2623 1329 2638 .......
1337 2568 1356 2594 ³
1469 2577 1656 2640 Vides
1728 2584 2033 2638 auctorem
2103 2579 2277 2640 huius
2346 2583 2669 2660 fragmenti

481 2697 661 2736 unum
702 2679 986 2754 cuiusque
1023 2677 1281 2736 numinis
1322 2677 1673 2754 primarium
1714 2678 2083 2737 sacerdotem
2136 2680 2433 2755 attulisse-3
2494 2682 2667 2742 facile

477 2780 676 2835 tamen
717 2781 808 2834 est
849 2793 1052 2834 eorum
1090 2795 1401 2834 numerum
1441 2795 1679 2852 augere.
1774 2776 1873 2834 Ita
1910 2777 2240 2838 Pausanias
2283 2779 2435 2856 (ΠΙ,
2487 2799 2518 2841 2
2536 2825 2551 2854 ,
2601 2785 2665 2860 2)

476 2880 683 2934 narrat
713 2873 1037 2952 Cecropem
1077 2874 1260 2932 fuisse
1301 2874 1576 2950 primum,
1632 2873 1737 2950 qui
1777 2874 1984 2933 Iovem
2022 2874 2268 2935 Maximi
2318 2882 2666 2955 cognomine

474 2973 858 3032 honoraverit
916 2974 1086 3048 eique
1141 2972 1448 3049 placentas
1504 2973 1853 3030 vernaculas
1908 2972 2331 3048 immolaverit,
2388 2979 2666 3054 quocirca

476 3069 820 3130 Diasiorum
883 3070 1024 3128 festi
1084 3068 1357 3128 conditor
1417 3068 1657 3128 habitus
1724 3069 1805 3128 sit
1864 3089 2103 3129 necesse
2167 3077 2259 3131 est
2276 3067 2343 3151 2).
2436 3075 2664 3136 Eodem

475 3167 656 3228 heroe
710 3172 999 3246 regnante
1056 3161 1236 3244 ἔδοξε
1295 3174 1431 3240 τοῖς
1498 3166 1685 3240 θεοῖς
1738 3163 1963 3242 πόλεις
2014 3165 2539 3250 καταλαβέσθαι,
2598 3167 2663 3236 ἐν

475 3259 580 3340 αἶς
626 3260 950 3345 ἕμελλον’
927 3259 1094 3344 ἐχειν
1141 3259 1336 3345 τιμὰς
1375 3259 1612 3338 ιδίας(
1590 3258 1873 3338 ἕκαστος.
1968 3265 2153 3340 Qua
2134 3289 2196 3326 1n
2236 3289 2303 3328 re
2344 3273 2663 3332 certamine

475 3365 548 3424 de
603 3363 864 3424 Athenis
927 3370 1132 3424 exorto
1179 3365 1338 3423 inter
1381 3363 1712 3424 Minervam
1769 3369 1829 3422 et
1882 3363 2258 3443 Neptunum,
2318 3369 2464 3429 deae
2516 3372 2661 3431 urbs

473 3463 808 3522 adjudicata
887 3468 977 3522 est
1039 3462 1372 3544 Κεκροπος
1445 3458 2005 3546 μαρτυρήσαντος
2036 3451 2138 3525 ότι
2220 3464 2481 3550 πρῶτον
2546 3465 2662 3554 τὴν

473 3555 692 3622 ἐλαίαν
761 3555 1102 3645 εφύτευσεν
1165 3558 1474 3638 (Apollod.
1545 3557 1674 3632 HJ,
1759 3579 1862 3637 14,
1932 3565 2007 3640 1).
2110 3562 2364 3625 Praeter
2432 3572 2660 3628 ceteros

472 3664 674 3718 autem
744 3658 1169 3718 Erichthonius
1230 3655 1562 3717 Minervam
1623 3658 1950 3718 honoribus
2003 3659 2291 3722 adfecisse
2352 3664 2661 3726 dicebatur

471 3756 726 3816 numinis
782 3757 1095 3816 simulacro
1151 3758 1349 3834 ligneo
1404 3757 1468 3814 in
1525 3776 1660 3816 arce
1716 3763 2061 3817 consecrato
2120 3759 2517 3840 institutoque
2564 3764 2659 3824 die

469 3855 1045 3916 Panathenaicorum
1108 3857 1262 3915 festo
1329 3853 1640 3932 (Apollod.
1706 3855 1837 3927 ΠΙ,
1914 3874 2020 3932 14,
2090 3859 2175 3934 6).
2269 3858 2449 3921 Cuius
2513 3864 2659 3926 deae

471 3955 668 4014 cultus
717 3953 902 4012 Lindi
953 3955 1210 4032 primum
1264 3974 1300 4012 a
1354 3951 1576 4012 Cadmo
1628 3953 1963 4032 celebratus
2015 3958 2131 4028 est,
2176 3961 2392 4020 Troiae
2440 3962 2515 4020 ab
2563 3963 2657 4022 Ilo

620 4209 662 4280 ¹)
699 4207 872 4263 Uncis
907 4207 1132 4263 seclusit
1168 4225 1233 4262 ea
1277 4211 1406 4278 post
1441 4207 1615 4263 verba
1641 4205 1855 4262 <Liberi
1893 4205 2081 4278 patris'
2130 4207 2451 4264 collocanda
2484 4209 2655 4278 suspi-

467 4292 622 4344 catus
660 4289 734 4347 M.
775 4287 1044 4344 Schmidt.

615 4379 662 4451 2)
700 4378 780 4435 Cf.
819 4377 1052 4445 Preller‚
1099 4377 1199 4432 Gr.
1244 4379 1325 4433 M.
1364 4378 1443 4445 II,
1489 4394 1584 4446 137
1624 4384 1738 4434 not.
1780 4395 1827 4446 3.

1458 4563 1476 4594 Q
