3325 5392
1710 457 1789 517 16

657 616 970 694 quicquam
1031 616 1331 674 lucramur
1393 638 1424 675 e
1477 617 1805 677 Plutarcho
1829 613 1879 695 1)
1892 661 1905 688 ,
1974 617 2075 696 qui
2134 617 2196 676 in
2267 617 2579 678 silicerniis
2642 624 2704 679 et
2762 620 2841 678 ad

655 721 922 773 mortuos
969 713 1312 773 excitandos
1372 715 1540 773 fabas
1587 716 1885 774 adhibitas
1954 737 2081 774 0330
2126 723 2572 790 commemorat,
2638 738 2837 795 quam-

655 834 831 891 quam
891 812 1030 871 inde
1091 813 1262 871 nobis
1323 812 1387 871 in
1449 814 1792 872 memoriam
1856 820 2213 874 revocantur
2270 815 2409 874 illae
2471 815 2625 874 ollae
2687 815 2838 874 fabis

653 913 920 990 repletae
965 911 1175 986 (schol.
1224 907 1336 969 Ar.
1385 911 1548 971 Plut.
1611 932 1631 971 1
1656 916 1801 991 197)
1849 918 2028 990 atque
2086 912 2151 970 in
2210 913 2534 972 dedicando
2589 934 2839 992 usurpa-

652 1015 770 1082 tae,
821 1010 895 1067 de
941 1009 1157 1085 quibus
1204 1029 1388 1088 supra
1419 1009 1871 1088 disputavimus
1952 1008 2071 1069 Sed
2100 1031 2221 1068 non
2252 1031 2402 1088 opus
2434 1016 2525 1069 est
2570 1011 2648 1070 ad
2691 1033 2834 1084 rem,

655 1128 832 1186 quam
879 1107 1138 1185 probare
1182 1107 1505 1180 studemus,
1565 1107 1924 1166 fulciendam
1969 1108 2378 1168 Romanorum
2402 1103 2453 1186 2)
2500 1109 2839 1168 testimonia

619 1227 968 1279 ‘ar-cessere,
1019 1210 1088 1264 ut
1131 1206 1331 1266 Plaut.
1379 1204 1664 1264 Pseudul.
1714 1205 1833 1278 m,
1890 1225 1945 1279 2,
1996 1226 2071 1284 4:

874 1349 962 1410 Ut
1008 1353 1163 1408 esset
1208 1347 1321 1419 hic,
1372 1346 1476 1424 qui
1520 1347 1772 1406 mortuis
1819 1368 2023 1406 cenam
2069 1353 2314 1425 coquat3

872 1449 1026 1508 Nam
1072 1446 1167 1505 hic
1215 1447 1374 1504 solus
1419 1445 1539 1504 illis
1586 1465 1858 1522 coquere,
1908 1446 2069 1522 quod
2114 1447 2364 1524 placeat,
2415 1451 2616 1524 potest
2662 1482 2743 1491 —

655 1609 1009 1667 quamquam
1058 1588 1253 1647 nescio
1301 1609 1377 1647 an
1408 1579 1589 1666 pocta
1619 1589 1773 1647 hanc
1818 1609 1944 1648 rem
1990 1610 2026 1648 a
2058 1586 2285 1647 Graeco
2332 1593 2575 1648 auctore
2607 1594 2836 1648 mutua-

650 1693 749 1746 tus
796 1687 906 1761 sit3
958 1692 1062 1746 aut
1107 1685 1280 1746 Ovid.
1328 1686 1492 1745 Fast.
1543 1686 1628 1759 H,
1684 1704 1717 1764 5
1729 1703 1807 1765 35
1859 1707 2023 1765 sqq.:

739 1842 930 1899 parva
975 1825 1189 1899 petunt
1232 1820 1457 1892 Mance,
1507 1819 1701 1897 pietas
1747 1840 1859 1898 pro
1907 1820 2093 1880 divite
2138 1826 2315 1898 grata
2361 1825 2452 1878 est

827 1940 1100 1978 munere:
1152 1937 1271 1976 non
1317 1917 1522 1976 avidos
1569 1916 1723 1994 Styx
1769 1919 1951 1978 habet
1994 1918 2112 1978 ima
2157 1919 2316 1979 deos,

737 2018 944 2094 tegula
989 2016 1281 2095 porrectis
1328 2015 1472 2075 satis
1519 2022 1610 2075 est
1655 2018 1854 2076 velata
1900 2017 2151 2090 coroniS,

828 2122 888 2175 et
932 2135 1175 2195 sparsae
1221 2116 1444 2191 frugeS,
1494 2136 1802 2193 parvaque
1846 2115 1998 2175 mica
2042 2115 2202 2188 saIiS,

737 2213 916 2292 inque
962 2233 1125 2272 mero
1172 2213 1402 2272 mollita
1447 2211 1646 2285 CereS,
1697 2213 2008 2292 violaeque
2054 2216 2316 2274 solutae:

826 2313 972 2372 haec
1017 2312 1238 2372 habeat
1281 2311 1476 2370 media
1518 2316 1678 2370 testa
1721 2310 1932 2370 relicta
1977 2312 2092 2372 via.

651 2455 958 2514 Habemus
1003 2458 1205 2526 testeS,
1257 2451 1472 2530 quibus
1518 2452 1801 2513 maiorem
1849 2455 2179 2514 attribuere
2224 2455 2402 2514 fidem
2448 2453 2617 2513 licet:
2680 2453 2835 2512 cibo-

649 2575 783 2613 rum
816 2551 1098 2630 reliquias
1130 2557 1338 2611 nostra
1366 2552 1650 2612 memoria
1680 2553 1743 2612 in
1767 2551 2130 2613 Graecorum
2161 2551 2450 2632 sepulcris
2474 2555 2745 2630 repertas
2762 2546 2831 2628 ²³).

624 2651 775 2726 ⁸Qui
817 2650 936 2711 cibi
981 2649 1299 2730 aliquando
1355 2671 1489 2709 cum
1535 2657 1907 2711 mortuorum
1955 2651 2306 2730 corporibus
2359 2650 2445 2709 ibi
2491 2648 2765 2709 collocati
2784 2645 2836 2726 4)

797 2933 841 3002 ¹)
879 2931 944 3001 Q.
982 2931 1053 2987 R..
1093 2945 1188 2998 95:
1227 2929 1262 2996 ἢ
1302 2928 1390 2983 ὅτι
1428 2929 1568 3005 πρὸς
1602 2929 1676 2984 τοὶ
1715 2929 2047 3005 περίδειπνα
2090 2935 2183 2983 καὶ
2219 2928 2320 2987 τοὶς
2356 2927 2683 3005 προκλήσεις
2717 2934 2836 2982 τῶν

647 3015 862 3087 νεκρῶν
910 3010 1154 3081 μάλιστα
1203 3014 1452 3085 χρῶνται
1507 3026 1623 3068 τοῖς
1672 3009 1939 3086 ὀσπρίοις.
2024 3011 2119 3066 Ad
2168 3011 2324 3066 fabas
2374 3011 2628 3065 manibus
2678 3011 2835 3065 datas

646 3093 905 3163 inspicias
941 3093 1040 3148 Ov.
1079 3091 1228 3146 Fast.
1268 3093 1338 3158 V,
1377 3097 1678 3159 436—440.
1752 3092 1995 3160 Lobeck,
2031 3092 2311 3162 Agla-oph.
2349 3110 2401 3161 p.
2443 3106 2472 3143 2
2480 3105 2562 3158 54.

793 3173 840 3242 ²)
877 3173 1065 3228 Etiam
1104 3173 1174 3226 ab
1211 3172 1370 3226 Indis
1406 3190 1597 3226 manes
1633 3172 1771 3226 cibis
1807 3172 1984 3226 cultos
2022 3172 2189 3226 fuisse
2227 3172 2438 3241 optime
2474 3171 2661 3226 docuit
2698 3190 2749 3226 v.
2782 3171 2833 3225 d.

647 3253 712 3308 Ο.
731 3252 980 3318 1)0111101·,
1014 3252 1491 3322 Pindapitryajna‚
1529 3253 1634 3307 das
1671 3253 2038 3322 manenopfer
2072 3252 2178 3307 mit
2214 3252 2435 3308 meissen
2472 3252 2557 3306 bei
2593 3252 2697 3306 den
2738 3250 2835 3306 In-

648 3333 806 3390 dern.
868 3332 1076 3388 Berlin
1119 3335 1269 3399 1870.
1310 3364 1378 3372 -
1414 3333 1585 3402 Apud
1622 3332 1892 3401 Bithynos
1928 3335 2273 3387 mortuorum
2312 3333 2524 3387 animas
2561 3332 2630 3385 ad
2666 3332 2836 3401 dapes

647 3414 911 3468 invitatas
960 3430 1076 3466 0330
1121 3415 1360 3466 testatur
1405 3411 1630 3467 Arrian.
1678 3430 1766 3482 ap.
1805 3413 2060 3467 Eustath.
2109 3431 2163 3483 p.
2222 3418 2379 3481 1615:
2447 3409 2730 3486 Ἀρριανὸς
2778 3409 2837 3463 δὲ

648 3492 791 3564 λέγει
826 3497 920 3545 καὶ
957 3491 1050 3545 ὅτε
1089 3491 1246 3566 παρὰ
1284 3493 1559 3549 Βιθυνοῖς
1593 3491 1889 3545 τελοῦνται
1930 3491 2001 3545 τοὶ
2042 3492 2285 3553 νεκύσια,
2335 3491 2524 3546 καλεῖν
2562 3489 2835 3559 ὀνομαστὶ

646 3573 746 3630 τὰς
791 3576 910 3626 τῶν
953 3577 1374 3641 κατοιχομένων
1421 3573 1616 3644 ψυχὰς,
1670 3573 1792 3626 ὅσοι
1840 3572 2109 3627 τελευτᾶν
2158 3577 2356 3639 ἔτυχον
2403 3570 2697 3647 ὑπερόριοι
2744 3575 2835 3624 καὶ

647 3652 981 3706 κατακαλεῖν
1019 3650 1218 3708 αὐτοὺς
1267 3656 1318 3708 ἐς
1353 3659 1471 3727 τρὶς
1519 3660 1612 3707 καὶ
1661 3652 1893 3707 δέεσθαι
1946 3651 2214 3708 ἀνελθεῖν
2264 3652 2337 3710 ὥς
2372 3651 2704 3723 μετάσχοιεν
2739 3654 2837 3718 τῆς

651 3732 853 3790 δαιτός.
891 3766 958 3775 -
996 3733 1082 3788 De
1118 3733 1374 3788 manibus
1411 3752 1444 3788 a
1480 3736 1741 3805 gentibus
1771 3736 1901 3790 feris
1938 3736 2271 3805 incultisque
2296 3734 2517 3790 cibariis
2554 3732 2837 3788 honoratis

645 3816 714 3871 cf.
741 3814 810 3870 G.
838 3814 1084 3879 Roskoff,
1123 3814 1250 3870 Dae
1274 3815 1752 3885 Religionswesen
1788 3817 1885 3872 der
1918 3817 2175 3871 rohzsten
2198 3814 2589 3871 Naturvb'lker.
2644 3813 2834 3883 Leipz.

655 3900 804 3951 1880.
855 3915 909 3966 p.
952 3899 1212 3963 53-——108.
1285 3895 1344 3949 J.
1384 3895 1636 3965 Lippert,
1676 3897 1800 3950 Der
1834 3895 2146 3950 Seelcnkult
2180 3898 2277 3950 etc.
2351 3895 2508 3951 Bcrl.
2554 3897 2704 3947 1881.

793 3976 840 4045 ⁸)
877 3976 958 4031 Of.
996 3975 1496 4041 Raoul-Rochette‚
1545 3975 1845 4031 Mcmoires
1881 3975 1935 4031 d.
1975 3974 2162 4030 l'Inst.
2205 3973 2281 4031 R.
2318 3975 2369 4029 d.
2410 3974 2531 4040 Fr„
2570 3973 2744 4030 Acad.
2782 3973 2835 4027 d.

649 4057 832 4112 Inscr.
871 4059 970 4111 etc.
1043 4056 1199 4111 XIII
1245 4059 1394 4122 1838.
1432 4075 1485 4126 p.
1525 4059 1825 4122 676—683.

790 4137 839 4208 ⁴)
877 4135 1031 4205 Quae
1068 4154 1156 4191 res
1203 4137 1428 4207 probari
1464 4137 1686 4191 videtur
1722 4136 1972 4191 versibus
2010 4135 2304 4201 1101111111113,
2354 4154 2490 4203 quos
2526 4154 2556 4190 e
2592 4135 2836 4191 carmine

647 4217 818 4288 epioe,
858 4217 1006 4287 quod
1029 4217 1387 4272 Alcmaeonis
1422 4216 1761 4282 inscribitur,
1798 4217 1956 4271 nobis
1992 4217 2233 4272 servavit
2268 4217 2475 4272 Athen.
2525 4217 2629 4284 XI,
2667 4215 2835 4282 46ob,

647 4317 982 4369 quamquam
1021 4299 1114 4368 qui
1153 4299 1224 4351 sit
1261 4298 1661 4352 sententiarum
1700 4315 1871 4352 nexus
1908 4299 2207 4376 nescimus:
