3325 5392
1709 527 1785 586 52

657 662 732 731 τὸ
775 677 1075 753 μνημεῖον
1121 659 1232 730 οὗκ
1279 659 1458 746 ἄξιον
1502 665 1861 752 παρελθεῖν
1898 663 2249 748 ἑπομένοις
2279 663 2517 751 Ζήνωνι
2546 663 2641 748 τῷ
2674 671 2838 726 Μυν-

655 762 794 850 δίῳ,
844 759 883 851 ἢ
933 762 998 828 ἐν
1043 765 1134 849 τῷ
1191 763 1342 849 ιερῷ
1388 765 1502 849 τῆς
1546 757 1903 850 Ἀρτέμιδος
1948 761 2013 828 ἐν
2059 767 2394 849 Μαγνησίᾳ
2454 759 2838 848 κεκήδευται,

655 855 800 927 οὐδὲ
861 860 985 948 μὴν
1039 860 1148 927 τὸν
1203 860 1268 927 ἔν
1323 863 1655 948 Τελμησσῷ
1700 859 1917 945 βωμὸν
1960 862 2077 927 τοῦ
2124 855 2576 937 Ἀπόλλωνος·
2609 855 2841 947 μνῆμα

659 954 821 1025 εἶναι
869 961 978 1024 καὶ
1025 961 1249 1025 τοῦτον
1289 961 1692 1047 Ίελμηοσέως
1735 961 1849 1024 τοῦ
1892 959 2180 1043 μάντεως
2227 958 2600 1046 ἱστοροῦσιν.
2680 967 2840 1022 Πτο-

656 1058 912 1141 λεμαῖος
971 1055 1042 1122 δὲ
1105 1054 1140 1123 ὁ
1183 1059 1298 1123 τοῦ
1343 1051 1719 1144 Ἀγησάρχου
1768 1055 1835 1122 ἐν
1878 1058 1969 1142 τῷ
2016 1057 2081 1121 α’
2126 1058 2255 1121 τῶν
2299 1057 2449 1144 περὶ
2496 1054 2607 1121 τὸν
2658 1056 2839 1120 Φιλο-

655 1155 916 1242 πάτορα
963 1154 1030 1220 ἐν
1075 1156 1288 1244 Πάφῳ
1334 1156 1502 1241 λέγει
1559 1154 1625 1221 ἐν
1678 1157 1771 1241 τῷ
1816 1150 2183 1244 Ἀφροδίτης
2245 1154 2396 1242 ἱερῷ
2443 1155 2717 1241 Κινύραν
2775 1177 2843 1218 τε

657 1255 766 1318 καὶ
811 1251 960 1331 τοὺς
991 1254 1261 1341 Κινύρου
1307 1248 1669 1340 ἀπογόνους
1715 1255 2139 1341 κεκηδεῦσθαι
2163 1254 2231 1338 ¹).
2309 1257 2511 1316 Facile
2559 1262 2651 1316 est
2694 1257 2844 1316 hanc

656 1357 868 1415 seriem
931 1357 1326 1434 amplificare,
1391 1363 1591 1416 tamen
1655 1357 1899 1432 longum
1965 1362 2025 1416 et
2085 1357 2326 1429 inutile;
2393 1361 2573 1433 atque
2618 1375 2843 1414 summo

658 1456 788 1512 iure
833 1453 1107 1514 Clemens
1153 1456 1385 1534 pergit:
1437 1445 1603 1515 ἀλλὰ
1648 1449 1770 1537 γὰρ
1817 1449 2067 1516 ἐπιόντι
2110 1473 2223 1533 μοι
2268 1451 2417 1526 τοῦς
2460 1469 2843 1536 προσκυνου-

655 1552 882 1631 μένους
927 1542 1073 1631 ὑμῖν
1115 1549 1365 1636 τάφους
1410 1547 1554 1631 ἐμοὶ
1597 1548 1715 1631 μὲν
1761 1542 1894 1613 οὔδ’
1938 1542 1974 1613 ὁ
2019 1550 2156 1626 πᾶς
2197 1537 2274 1612 ἂν
2314 1541 2574 1634 ἀρκέσαι
2606 1547 2842 1634 χρόνος.

658 1651 872 1709 Potius
918 1650 981 1709 id
1025 1671 1313 1728 quaerere
1358 1652 1550 1722 iuvat,
1597 1671 1749 1728 quae
1796 1651 2021 1709 fuerint
2067 1671 2295 1721 causae,
2346 1670 2451 1709 cur
2496 1650 2599 1709 illa
2643 1668 2847 1708 monu-

657 1753 856 1808 menta
925 1748 1002 1807 ad
1068 1749 1312 1808 deorum
1384 1751 1522 1807 fana
1591 1749 2070 1807 admitterentur.
2165 1746 2261 1806 Ac
2324 1747 2527 1806 statim
2594 1751 2849 1825 apparet

661 1867 788 1904 esse
849 1846 1114 1918 easdem,
1181 1847 1254 1905 de
1315 1847 1530 1925 quibus
1593 1847 1805 1905 heroes
1850 1847 1913 1903 in
1959 1847 2205 1904 deorum
2252 1845 2420 1904 festis
2466 1845 2841 1916 colebantur3

656 1963 792 2002 nam
855 1944 958 2021 qui
1017 1944 1127 2002 hac
1186 1944 1364 2003 illave
1430 1943 1663 2002 ratione
1729 1965 1859 2002 cum
1922 1942 2261 2002 numinibus
2317 1943 2457 2024 110111
2509 1947 2679 2002 erant
2724 1943 2847 2002 sive

657 2061 858 2100 amore
905 2043 1202 2101 coniuncti
1248 2042 1373 2103 sive
1419 2043 1522 2120 pio
1570 2063 1715 2118 erga
1762 2043 1905 2101 deos
1952 2043 2147 2102 animo
2188 2042 2544 2100 excellentes
2573 2041 2701 2100 'sive
2732 2040 2848 2100 alia

657 2139 731 2198 de
777 2159 971 2212 causa,
1024 2161 1226 2200 eorum
1273 2162 1408 2200 ossa
1439 2141 1620 2218 digna
1652 2139 2043 2213 habebantur,
2088 2160 2239 2218 quae
2278 2140 2550 2218 proxime
2600 2139 2675 2198 ad
2707 2139 2847 2198 deos

659 2237 1049 2314 quiescerent.
1143 2239 1506 2318 Plerumque
1551 2240 1691 2297 illae
1738 2259 1947 2298 causae
1992 2259 2103 2316 per
2148 2258 2211 2296 se
2257 2242 2468 2315 patent
2522 2259 2553 2296 e
2608 2237 2844 2309 fabulis,

659 2335 872 2413 quibus
921 2335 994 2395 de
1040 2357 1107 2395 10
1153 2337 1485 2409 edocemur,
1535 2342 1735 2395 tamen
1782 2337 1914 2396 fieri
1957 2341 2175 2414 potest,
2225 2341 2295 2395 ut
2334 2336 2533 2395 omnia
2569 2355 2677 2394 1103
2709 2335 2848 2393 defi-

659 2432 840 2505 ciant,
905 2455 1096 2512 neque
1143 2435 1468 2514 quidquam
1515 2435 1811 2512 reliquum
1858 2435 1937 2493 sit
1954 2477 1969 2506 ,
2034 2434 2150 2492 nisi
2194 2439 2263 2494 ut
2307 2423 2693 2493 concedamus
2739 2452 2847 2491 1103

659 2551 864 2590 causas
911 2533 1137 2590 nescire
1161 2526 1226 2610 ²).

838 2629 1074 2688 Tamen·
1108 2630 1170 2687 id
1215 2651 1328 2706 pro
1375 2637 1538 2689 certo
1586 2629 1946 2689 contendere
1992 2630 2131 2688 11001,
2176 2650 2433 2702 causam,
2484 2650 2589 2689 0111
2635 2627 2852 2688 Graeci

664 2728 876 2785 heroas
908 2727 968 2784 in
1010 2728 1249 2806 templis
1297 2728 1638 2805 sepelirent,
1689 2747 1993 2806 nunquam
2038 2729 2235 2800 fuisse,
2284 2727 2445 2807 quod
2490 2748 2559 2786 ea
2603 2747 2669 2786 10
2714 2748 2850 2805 pro-

659 2824 853 2882 hiberi
876 2828 1179 2901 putarent,
1210 2826 1522 2903 quominus
1555 2845 1689 2884 ossa
1720 2819 2173 2905 auferrentur8),
2210 2827 2437 2906 quippe
2472 2845 2622 2904 quae
2654 2829 2851 2884 essent

659 2922 963 2980 salutaria.
1043 2922 1188 2981 Tale
1235 2923 1382 3001 quid
1427 2925 1477 2982 si
1521 2925 1583 2982 in
1629 2924 1826 2983 animo
1873 2923 2191 2996 habebant,
2242 2929 2369 2982 tum
2409 2924 2611 3002 potius
2644 2945 2846 2983 monu-

659 3024 858 3078 menta
905 3021 1097 3080 celare
1144 3022 1432 3094 solebant,
1483 3023 1569 3082 ita
1613 3027 1683 3080 ut
1727 3011 2045 3080 ‘duntaxat
2091 3021 2389 3098 indigenis
2436 3028 2579 3082 nota
2623 3027 2728 3082 aut
2773 3043 2848 3081 ne

659 3117 751 3175 his
817 3118 1054 3194 quidem
1115 3120 1388 3180 omnibus
1447 3121 1550 3178 sed
1607 3120 1751 3179 solis
1798 3119 2205 3179 sacerdotibus
2252 3124 2357 3178 aut
2402 3121 2851 3197 magistratibus

659 3204 916 3274 conscia'
980 3224 1176 3275 essent
1199 3213 1264 3295 4).
1360 3216 1608 3295 Semper
1667 3222 1865 3276 autem
1912 3237 2173 3276 summus
2217 3218 2405 3278 honos
2452 3219 2851 3297 splendidum-

659 3333 776 3392 que
823 3313 1153 3391 praemium
1201 3314 1532 3374 habebatur
1577 3316 1717 3373 talis
1759 3319 1899 3392 post
1940 3315 2166 3374 obitum
2212 3316 2470 3393 sepulcri
2498 3316 2852 3394 participem

657 3411 805 3470 fieri.
901 3410 1069 3484 Quae
1115 3432 1211 3470 res
1258 3411 1516 3471 dilucide
1559 3413 1858 3490 probatur
1906 3431 1993 3484 e0,
2044 3413 2206 3492 quod
2242 3413 2601 3473 Plutarchus
2635 3412 2849 3492 (Arist.

658 3509 814 3588 XX)
863 3510 936 3569 de
983 3509 1254 3569 Euchida
1297 3516 1536 3583 narrat,
1589 3511 1723 3589 qui,
1772 3516 1841 3570 ut
1886 3510 2141 3589 Delphis
2189 3532 2423 3570 sacrum
2467 3513 2666 3588 ignem
2712 3511 2850 3570 Pla-

657 3612 826 3666 taeas
888 3613 1267 3685 apportaret,
1328 3629 1460 3668 cum
1505 3629 1624 3668 uno
1672 3610 1768 3668 die
1815 3609 1990 3680 mille,
2022 3609 2248 3669 stadios
2295 3611 2723 3687 percurrisset,
2788 3610 2852 3667 in

809 3849 850 3918 ¹)
889 3851 1066 3920 Quem
1112 3852 1295 3906 locum
1333 3856 1615 3907 mutuatus
1668 3857 1751 3906 est
1786 3852 2087 3918 Arnobius‚
2127 3854 2273 3908 Adv.
2311 3853 2576 3908 Nationes
2616 3853 2719 3920 VI,
2758 3858 2805 3908 6.

811 3937 857 4007 ⁹)
897 3938 976 3994 Ut
1000 3959 1174 3994 unum
1201 3940 1467 4008 adferam,
1503 3942 1665 4010 plane
1703 3941 2029 3996 obscuratae
2067 3945 2196 3995 sunt
2232 3959 2442 4009 causae,
2481 3960 2580 3996 cur
2602 3941 2852 4012 Pyrrhus

657 4017 896 4087 Epirota
933 4020 992 4074 in
1028 4019 1246 4074 Cereris
1283 4021 1493 4090 templo
1540 4021 1795 4075 conditus
1833 4021 1903 4075 sit
1940 4021 2210 4090 (Paus.1,
2257 4037 2334 4088 13,
2376 4025 2447 4092 7).
2520 4021 2666 4076 Nam
2704 4023 2853 4092 quod

661 4103 860 4153 auctor
896 4100 1068 4154 adicit
1103 4099 1346 4170 Argivos
1382 4118 1570 4170 regem
1608 4119 1640 4154 a
1678 4101 1781 4155 dea
1828 4101 1925 4154 illa
1973 4101 2328 4158 interfectum
2379 4120 2496 4157 esse
2540 4102 2850 4170 adfirmare,

658 4179 716 4234 id
751 4179 1115 4249 posteriorem
1153 4179 1529 4234 inventionem
1567 4198 1761 4250 sapere
1798 4181 2035 4236 videtur.

805 4259 852 4328 ⁸)
890 4258 1048 4314 Sicut
1082 4260 1306 4330 putavit
1333 4259 1553 4325 Ohlert,
1589 4260 1859 4333 Beitrt'iqe
1894 4279 1997 4317 ,τιον
2033 4262 2369 4337 Herooloyie
2408 4261 2473 4316 II
2509 4281 2561 4336 p.
2604 4277 2686 4317 22.

803 4338 851 4415 ⁴)
886 4339 1130 4412 Lobeck,
1168 4339 1443 4414 Aglaoph.
1481 4359 1534 4416 p.
1577 4344 1678 4394 282
1717 4358 1798 4416 sq.
